<record><header><identifier>oai:alma.41SLSP_UGE:991000048219705502</identifier><datestamp>2023-03-01T01:09:19Z</datestamp><setSpec>uge_bcen_RapidILL_BOOK</setSpec><setSpec>uge_aaca_RapidILL_BOOK</setSpec><setSpec>uge_abels_RapidILL_BOOK</setSpec><setSpec>uge_dbu_RapidILL_BOOK</setSpec><setSpec>uge_cmu_RapidILL_BOOK</setSpec><setSpec>uge_mail_RapidILL_BOOK</setSpec><setSpec>UNIGE_ALL</setSpec><setSpec>uge_abbat_RapidILL_BOOK</setSpec><setSpec>uge_aobs_RapidILL_BOOK</setSpec><setSpec>uge_acar_RapidILL_BOOK</setSpec></header><metadata>
<record xmlns="http://www.loc.gov/MARC21/slim" xmlns:xsi="http://www.w3.org/2001/XMLSchema-instance" xsi:schemaLocation="http://www.loc.gov/MARC21/slim http://www.loc.gov/standards/marcxml/schema/MARC21slim.xsd"><leader>01301nam a2200289 c 4500</leader><controlfield tag="001">991000048219705502</controlfield><controlfield tag="005">20230116181216.0</controlfield><controlfield tag="008">190429s2016    xxu           10| | eng d</controlfield><datafield ind1=" " ind2=" " tag="020"><subfield code="a">9781583818947</subfield></datafield><datafield ind1=" " ind2=" " tag="035"><subfield code="a">(swissbib)125646070-41slsp_network</subfield></datafield><datafield ind1=" " ind2=" " tag="035"><subfield code="a">125646070</subfield><subfield code="9">ExL</subfield></datafield><datafield ind1=" " ind2=" " tag="035"><subfield code="a">(RERO)R008919644-41slsp</subfield></datafield><datafield ind1=" " ind2=" " tag="035"><subfield code="a">(EXLNZ-41SLSP_NETWORK)991053875779705501</subfield></datafield><datafield ind1=" " ind2=" " tag="040"><subfield code="a">RERO geusob</subfield><subfield code="d">CH-ZuSLS</subfield></datafield><datafield ind1=" " ind2="7" tag="072"><subfield code="a">as</subfield><subfield code="2">rero</subfield></datafield><datafield ind1="0" ind2="0" tag="245"><subfield code="a">Astronomical surveys and big data</subfield><subfield code="b">[proceedings of an International Symposium dedicated to the 50th anniversary of the Markarian Survey and the 10th anniversary of the Armenian Virtual Observatory held at Byurakan Astrophysical Observatory, Byuraken, Armenia, 5-8 October 2015]</subfield><subfield code="c">ed. by Areg M. Mickaelian, Andy Lawrence and Tigran Yu. Magakian</subfield></datafield><datafield ind1=" " ind2="1" tag="264"><subfield code="a">San Francisco</subfield><subfield code="b">Astronomical Society of the Pacific</subfield><subfield code="c">2016</subfield></datafield><datafield ind1=" " ind2=" " tag="300"><subfield code="a">VIII, 305 p.</subfield><subfield code="b">ill.</subfield></datafield><datafield ind1=" " ind2=" " tag="336"><subfield code="b">txt</subfield><subfield code="2">rdacontent</subfield></datafield><datafield ind1=" " ind2=" " tag="337"><subfield code="b">n</subfield><subfield code="2">rdamedia</subfield></datafield><datafield ind1=" " ind2=" " tag="338"><subfield code="b">nc</subfield><subfield code="2">rdacarrier</subfield></datafield><datafield ind1="1" ind2=" " tag="490"><subfield code="a">Astronomical Society of the Pacific conference series</subfield><subfield code="v">vol. 505</subfield></datafield><datafield ind1=" " ind2="7" tag="655"><subfield code="a">Actes de congrès</subfield><subfield code="0">(IDREF)02886431X</subfield><subfield code="2">idref</subfield></datafield><datafield ind1="1" ind2=" " tag="700"><subfield code="a">Mickaelian, Areg M.</subfield><subfield code="4">edt</subfield></datafield><datafield ind1="1" ind2=" " tag="700"><subfield code="a">Lawrence, Andy</subfield><subfield code="4">edt</subfield></datafield><datafield ind1="1" ind2=" " tag="700"><subfield code="a">Magakian, Tigran Yu</subfield><subfield code="4">edt</subfield></datafield><datafield ind1=" " ind2=" " tag="830"><subfield code="a">Astronomical Society of the Pacific conference series</subfield><subfield code="v">505</subfield><subfield code="w">(RERO)1163261-41slsp</subfield></datafield><datafield ind1=" " ind2=" " tag="900"><subfield code="a">REROnoselfmerge</subfield></datafield><datafield ind1=" " ind2=" " tag="961"><subfield code="2">ge-obs</subfield><subfield code="a">21.81</subfield><subfield code="9">LOCAL</subfield></datafield><datafield ind1=" " ind2=" " tag="961"><subfield code="2">ge-obs</subfield><subfield code="a">27.9</subfield><subfield code="9">LOCAL</subfield></datafield><datafield ind1=" " ind2=" " tag="961"><subfield code="2">ge-obs</subfield><subfield code="a">36.8</subfield><subfield code="9">LOCAL</subfield></datafield></record>
</metadata></record>