<record><header><identifier>oai:alma.41SLSP_UGE:991000048009705502</identifier><datestamp>2024-10-05T00:05:28Z</datestamp><setSpec>uge_bcen_RapidILL_BOOK</setSpec><setSpec>uge_aaca_RapidILL_BOOK</setSpec><setSpec>uge_abels_RapidILL_BOOK</setSpec><setSpec>uge_dbu_RapidILL_BOOK</setSpec><setSpec>uge_cmu_RapidILL_BOOK</setSpec><setSpec>uge_mail_RapidILL_BOOK</setSpec><setSpec>uge_abbat_RapidILL_BOOK</setSpec><setSpec>UNIGE_ALL</setSpec><setSpec>uge_acar_RapidILL_BOOK</setSpec><setSpec>uge_aobs_RapidILL_BOOK</setSpec></header><metadata>
<record xmlns="http://www.loc.gov/MARC21/slim" xmlns:xsi="http://www.w3.org/2001/XMLSchema-instance" xsi:schemaLocation="http://www.loc.gov/MARC21/slim http://www.loc.gov/standards/marcxml/schema/MARC21slim.xsd"><leader>00996nam a2200301 c 4500</leader><controlfield tag="001">991000048009705502</controlfield><controlfield tag="005">20241004185633.0</controlfield><controlfield tag="008">201011s1998    sp ||||| |||| 00| ||spa d</controlfield><datafield ind1=" " ind2=" " tag="020"><subfield code="a">8475175813</subfield></datafield><datafield ind1=" " ind2=" " tag="035"><subfield code="a">(swissbib)217152465-41slsp_network</subfield></datafield><datafield ind1=" " ind2=" " tag="035"><subfield code="a">217152465</subfield><subfield code="9">ExL</subfield></datafield><datafield ind1=" " ind2=" " tag="035"><subfield code="a">(RERO)R259530560-41slsp</subfield></datafield><datafield ind1=" " ind2=" " tag="035"><subfield code="a">(IDSBB)002650113DSV01</subfield></datafield><datafield ind1=" " ind2=" " tag="035"><subfield code="a">(NEBIS)008089670EBI01</subfield></datafield><datafield ind1=" " ind2=" " tag="035"><subfield code="a">(EXLNZ-41SLSP_NETWORK)991035238059705501</subfield></datafield><datafield ind1=" " ind2=" " tag="040"><subfield code="a">RERO geules</subfield><subfield code="d">CH-ZuSLS</subfield></datafield><datafield ind1=" " ind2="7" tag="072"><subfield code="a">es</subfield><subfield code="2">rero</subfield></datafield><datafield ind1="1" ind2=" " tag="100"><subfield code="a">Rossetti, Ana</subfield><subfield code="0">(RERO)A003761981</subfield><subfield code="4">cre</subfield></datafield><datafield ind1="1" ind2="0" tag="245"><subfield code="a">Indicios vehementes</subfield><subfield code="b">poesía 1979-1984</subfield><subfield code="c">Ana Rossetti ; con una entrevista-prólogo de Jesús Fernández Palacios</subfield></datafield><datafield ind1=" " ind2=" " tag="250"><subfield code="a">[6a ed.]</subfield></datafield><datafield ind1=" " ind2="1" tag="264"><subfield code="a">Madrid</subfield><subfield code="b">Hiperión</subfield><subfield code="c">1998</subfield></datafield><datafield ind1=" " ind2=" " tag="300"><subfield code="a">109 p.</subfield><subfield code="b">front.</subfield><subfield code="c">20 cm</subfield></datafield><datafield ind1=" " ind2=" " tag="336"><subfield code="b">txt</subfield><subfield code="2">rdacontent</subfield></datafield><datafield ind1=" " ind2=" " tag="337"><subfield code="b">n</subfield><subfield code="2">rdamedia</subfield></datafield><datafield ind1=" " ind2=" " tag="338"><subfield code="b">nc</subfield><subfield code="2">rdacarrier</subfield></datafield><datafield ind1="1" ind2=" " tag="490"><subfield code="a">Poesía Hiperión</subfield><subfield code="v">76</subfield></datafield><datafield ind1="1" ind2=" " tag="700"><subfield code="a">Fernández Palacios, Jesús</subfield><subfield code="0">(IDREF)035617888</subfield></datafield><datafield ind1=" " ind2=" " tag="830"><subfield code="a">Poesía Hiperión</subfield><subfield code="v">76</subfield><subfield code="w">(IDSBB)000721801DSV01</subfield></datafield><datafield ind1=" " ind2=" " tag="900"><subfield code="a">REROnoselfmerge</subfield></datafield><datafield ind1=" " ind2=" " tag="993"><subfield code="a">BFLA 132688</subfield><subfield code="x">ge/ules/a/99/687</subfield><subfield code="9">LOCAL</subfield></datafield></record>
</metadata></record>