<record><header><identifier>oai:alma.41SLSP_UGE:991000047699705502</identifier><datestamp>2023-03-01T01:09:19Z</datestamp><setSpec>uge_bcen_RapidILL_BOOK</setSpec><setSpec>uge_aaca_RapidILL_BOOK</setSpec><setSpec>uge_abels_RapidILL_BOOK</setSpec><setSpec>uge_dbu_RapidILL_BOOK</setSpec><setSpec>uge_cmu_RapidILL_BOOK</setSpec><setSpec>uge_mail_RapidILL_BOOK</setSpec><setSpec>UNIGE_ALL</setSpec><setSpec>uge_abbat_RapidILL_BOOK</setSpec><setSpec>uge_aobs_RapidILL_BOOK</setSpec><setSpec>uge_acar_RapidILL_BOOK</setSpec></header><metadata>
<record xmlns="http://www.loc.gov/MARC21/slim" xmlns:xsi="http://www.w3.org/2001/XMLSchema-instance" xsi:schemaLocation="http://www.loc.gov/MARC21/slim http://www.loc.gov/standards/marcxml/schema/MARC21slim.xsd"><leader>01253nam a22003372c 4500</leader><controlfield tag="001">991000047699705502</controlfield><controlfield tag="005">20201227164011.0</controlfield><controlfield tag="008">161020s1973    it ||||| |||| 00| ||ita d</controlfield><datafield ind1=" " ind2=" " tag="035"><subfield code="a">(swissbib)123324114-41slsp_network</subfield></datafield><datafield ind1=" " ind2=" " tag="035"><subfield code="a">123324114</subfield><subfield code="9">ExL</subfield></datafield><datafield ind1=" " ind2=" " tag="035"><subfield code="a">(RERO)R008534598-41slsp</subfield></datafield><datafield ind1=" " ind2=" " tag="035"><subfield code="a">(EXLNZ-41SLSP_NETWORK)991047432449705501</subfield></datafield><datafield ind1=" " ind2=" " tag="040"><subfield code="a">FUG</subfield><subfield code="b">eng</subfield><subfield code="d">CH-ZuSLS</subfield></datafield><datafield ind1=" " ind2="4" tag="050"><subfield code="a">QE272</subfield><subfield code="b">.P3 vol. 28 pte. 3</subfield></datafield><datafield ind1=" " ind2="7" tag="072"><subfield code="a">st</subfield><subfield code="2">rero</subfield></datafield><datafield ind1="0" ind2="4" tag="082"><subfield code="a">550.6</subfield><subfield code="b">P1251m v. 28 pt. 3</subfield></datafield><datafield ind1="1" ind2=" " tag="100"><subfield code="a">Forno, Gaetano</subfield><subfield code="0">(RERO)A026666389</subfield><subfield code="4">cre</subfield></datafield><datafield ind1="1" ind2="0" tag="245"><subfield code="a">Alcune considerazioni sui mesosauri</subfield><subfield code="c">Gaetano Forno</subfield></datafield><datafield ind1=" " ind2="1" tag="264"><subfield code="a">Padova</subfield><subfield code="b">Società cooperativa tipografica</subfield><subfield code="c">1973</subfield></datafield><datafield ind1=" " ind2=" " tag="300"><subfield code="a">11 pages</subfield><subfield code="b">illustrations</subfield><subfield code="c">32 cm</subfield></datafield><datafield ind1=" " ind2=" " tag="336"><subfield code="b">txt</subfield><subfield code="2">rdacontent</subfield></datafield><datafield ind1=" " ind2=" " tag="337"><subfield code="b">n</subfield><subfield code="2">rdamedia</subfield></datafield><datafield ind1=" " ind2=" " tag="338"><subfield code="b">nc</subfield><subfield code="2">rdacarrier</subfield></datafield><datafield ind1="1" ind2=" " tag="490"><subfield code="a">Memorie degli Istituti di geologia e mineralogia dell'Università di Padova</subfield><subfield code="v">v. 28</subfield></datafield><datafield ind1=" " ind2=" " tag="500"><subfield code="a">&quot;Con 5 figure nel testo e 2 tavole fuori testo.&quot;</subfield></datafield><datafield ind1=" " ind2=" " tag="504"><subfield code="a">Includes bibliographical references</subfield></datafield><datafield ind1=" " ind2="0" tag="650"><subfield code="a">Extinct Animals</subfield></datafield><datafield ind1=" " ind2="0" tag="650"><subfield code="a">Reptile remains (Archaeology)</subfield></datafield><datafield ind1=" " ind2="0" tag="650"><subfield code="a">Reptiles, Fossil</subfield></datafield><datafield ind1=" " ind2=" " tag="830"><subfield code="a">Memorie degli Istituti di Geologia e Mineralogia dell' Università di Padova</subfield><subfield code="v">28</subfield><subfield code="w">(RERO)0107800-41slsp</subfield></datafield><datafield ind1=" " ind2=" " tag="900"><subfield code="a">REROnoselfmerge</subfield></datafield><datafield ind1=" " ind2=" " tag="910"><subfield code="a">OCoLC</subfield><subfield code="b">20161020</subfield><subfield code="c">Droits réservés</subfield></datafield></record>
</metadata></record>