<record><header><identifier>oai:alma.41SLSP_UGE:991000048029705502</identifier><datestamp>2023-03-28T00:11:37Z</datestamp><setSpec>uge_bcen_RapidILL_BOOK</setSpec><setSpec>uge_aaca_RapidILL_BOOK</setSpec><setSpec>uge_abels_RapidILL_BOOK</setSpec><setSpec>uge_dbu_RapidILL_BOOK</setSpec><setSpec>uge_cmu_RapidILL_BOOK</setSpec><setSpec>uge_mail_RapidILL_BOOK</setSpec><setSpec>uge_abbat_RapidILL_BOOK</setSpec><setSpec>UNIGE_ALL</setSpec><setSpec>uge_acar_RapidILL_BOOK</setSpec><setSpec>uge_aobs_RapidILL_BOOK</setSpec></header><metadata>
<record xmlns="http://www.loc.gov/MARC21/slim" xmlns:xsi="http://www.w3.org/2001/XMLSchema-instance" xsi:schemaLocation="http://www.loc.gov/MARC21/slim http://www.loc.gov/standards/marcxml/schema/MARC21slim.xsd"><leader>02783nam a2200673 c 4500</leader><controlfield tag="001">991000048029705502</controlfield><controlfield tag="005">20230327182551.0</controlfield><controlfield tag="008">201011s2008    gw       |||| 000 0 eng|d</controlfield><datafield ind1=" " ind2=" " tag="015"><subfield code="a">GBA862266</subfield><subfield code="2">bnb</subfield></datafield><datafield ind1=" " ind2=" " tag="020"><subfield code="a">9783540688563</subfield><subfield code="q">eBook</subfield></datafield><datafield ind1=" " ind2=" " tag="020"><subfield code="a">9783540200406</subfield></datafield><datafield ind1=" " ind2=" " tag="035"><subfield code="a">(swissbib)220717125-41slsp_network</subfield></datafield><datafield ind1=" " ind2=" " tag="035"><subfield code="a">220717125</subfield><subfield code="9">ExL</subfield></datafield><datafield ind1=" " ind2=" " tag="035"><subfield code="a">(NEBIS)005653358EBI01</subfield></datafield><datafield ind1=" " ind2=" " tag="035"><subfield code="a">(RERO)R004848247-41slsp</subfield></datafield><datafield ind1=" " ind2=" " tag="035"><subfield code="a">(IDSBB)004537974DSV01</subfield></datafield><datafield ind1=" " ind2=" " tag="035"><subfield code="a">(EXLNZ-41SLSP_NETWORK)991054358129705501</subfield></datafield><datafield ind1=" " ind2=" " tag="040"><subfield code="a">StDuBDS</subfield><subfield code="d">CH-ZuSLS</subfield></datafield><datafield ind1=" " ind2="7" tag="072"><subfield code="a">in</subfield><subfield code="2">rero</subfield></datafield><datafield ind1=" " ind2="7" tag="072"><subfield code="a">it</subfield><subfield code="2">SzZuIDS BS/BE</subfield></datafield><datafield ind1=" " ind2="7" tag="072"><subfield code="a">mt</subfield><subfield code="2">SzZuIDS BS/BE</subfield></datafield><datafield ind1="0" ind2="4" tag="082"><subfield code="a">006.31</subfield><subfield code="2">22</subfield></datafield><datafield ind1="1" ind2="4" tag="082"><subfield code="a">510</subfield><subfield code="2">15</subfield></datafield><datafield ind1=" " ind2=" " tag="084"><subfield code="a">ST 300</subfield><subfield code="2">rvk</subfield></datafield><datafield ind1=" " ind2=" " tag="084"><subfield code="a">ST 304</subfield><subfield code="2">rvk</subfield></datafield><datafield ind1=" " ind2=" " tag="084"><subfield code="a">ST 530</subfield><subfield code="2">rvk</subfield></datafield><datafield ind1="1" ind2=" " tag="100"><subfield code="a">De Raedt, Luc</subfield><subfield code="d">1964-....</subfield><subfield code="0">(IDREF)09428427X</subfield><subfield code="4">cre</subfield></datafield><datafield ind1="1" ind2="0" tag="245"><subfield code="a">Logical and relational learning</subfield><subfield code="c">Luc De Raedt</subfield></datafield><datafield ind1=" " ind2="1" tag="264"><subfield code="a">Berlin</subfield><subfield code="b">Springer</subfield><subfield code="c">2008</subfield></datafield><datafield ind1=" " ind2=" " tag="300"><subfield code="a">387 p.</subfield><subfield code="b">ill.</subfield></datafield><datafield ind1=" " ind2=" " tag="336"><subfield code="b">txt</subfield><subfield code="2">rdacontent</subfield></datafield><datafield ind1=" " ind2=" " tag="337"><subfield code="b">n</subfield><subfield code="2">rdamedia</subfield></datafield><datafield ind1=" " ind2=" " tag="338"><subfield code="b">nc</subfield><subfield code="2">rdacarrier</subfield></datafield><datafield ind1="0" ind2=" " tag="490"><subfield code="a">Cognitive technologies</subfield></datafield><datafield ind1=" " ind2=" " tag="504"><subfield code="a">Bibliogr.: p. [351]-373. Index</subfield></datafield><datafield ind1=" " ind2="0" tag="650"><subfield code="a">Machine learning</subfield></datafield><datafield ind1=" " ind2="0" tag="650"><subfield code="a">Data mining</subfield></datafield><datafield ind1=" " ind2="0" tag="650"><subfield code="a">Logic programming</subfield></datafield><datafield ind1=" " ind2="0" tag="650"><subfield code="a">Relational databases</subfield></datafield><datafield ind1=" " ind2="7" tag="650"><subfield code="a">DATA MINING (MATHEMATISCHE STATISTIK)</subfield><subfield code="9">ger</subfield><subfield code="0">(ETHUDK)000062805</subfield><subfield code="2">ethudk</subfield></datafield><datafield ind1=" " ind2="7" tag="650"><subfield code="a">DEKLARATIVE PROGRAMMIERUNG + LOGISCHE PROGRAMMIERUNG (PROGRAMMIERMETHODEN)</subfield><subfield code="9">ger</subfield><subfield code="0">(ETHUDK)000013705</subfield><subfield code="2">ethudk</subfield></datafield><datafield ind1=" " ind2="7" tag="650"><subfield code="a">MASCHINELLES LERNEN (KÜNSTLICHE INTELLIGENZ)</subfield><subfield code="9">ger</subfield><subfield code="0">(ETHUDK)000038192</subfield><subfield code="2">ethudk</subfield></datafield><datafield ind1=" " ind2="7" tag="650"><subfield code="a">Apprentissage automatique</subfield><subfield code="0">(IDREF)027940373</subfield><subfield code="2">idref</subfield></datafield><datafield ind1=" " ind2="7" tag="650"><subfield code="a">Induction (logique)</subfield><subfield code="0">(IDREF)027509613</subfield><subfield code="2">idref</subfield></datafield><datafield ind1=" " ind2="7" tag="650"><subfield code="a">Programmation logique</subfield><subfield code="0">(IDREF)028949102</subfield><subfield code="2">idref</subfield></datafield><datafield ind1=" " ind2="7" tag="650"><subfield code="a">Exploration de données</subfield><subfield code="0">(IDREF)035198222</subfield><subfield code="2">idref</subfield></datafield><datafield ind1=" " ind2="7" tag="650"><subfield code="a">Lernen (Informatik)</subfield><subfield code="x">Mathematische Logik</subfield><subfield code="2">idsbb</subfield></datafield><datafield ind1=" " ind2="7" tag="650"><subfield code="a">Mathematische Logik</subfield><subfield code="x">Lernen (Informatik)</subfield><subfield code="2">idsbb</subfield></datafield><datafield ind1=" " ind2="7" tag="650"><subfield code="a">Lernen (Informatik)</subfield><subfield code="x">Data Mining</subfield><subfield code="2">idsbb</subfield></datafield><datafield ind1=" " ind2="7" tag="650"><subfield code="a">Data Mining</subfield><subfield code="x">Lernen (Informatik)</subfield><subfield code="2">idsbb</subfield></datafield><datafield ind1=" " ind2=" " tag="690"><subfield code="a">I.2</subfield><subfield code="d">ARTIFICIAL INTELLIGENCE</subfield><subfield code="2">uzb-UM</subfield></datafield><datafield ind1=" " ind2=" " tag="690"><subfield code="a">519.67</subfield><subfield code="d">Expertensysteme, Künstliche Intelligenz, Fünfte Generation</subfield><subfield code="2">uzb-UK</subfield></datafield><datafield ind1=" " ind2=" " tag="690"><subfield code="a">519.62.MIN</subfield><subfield code="d">Information Retrieval, Text- und Datamining</subfield><subfield code="2">uzb-UK</subfield></datafield><datafield ind1="1" ind2=" " tag="700"><subfield code="a">De Raedt, Luc</subfield><subfield code="0">(DE-588)152007555</subfield></datafield><datafield ind1="4" ind2=" " tag="856"><subfield code="3">Titelblatt und Inhaltsverzeichnis</subfield><subfield code="u">https://toc.library.ethz.ch/objects/pdf/e01_978-3-540-20040-6_01.pdf</subfield><subfield code="q">pdf</subfield></datafield><datafield ind1="4" ind2=" " tag="856"><subfield code="3">Abstract / Autoreninformation</subfield><subfield code="u">https://toc.library.ethz.ch/objects/pdf/e01_978-3-540-20040-6_02.pdf</subfield><subfield code="q">pdf</subfield></datafield><datafield ind1=" " ind2=" " tag="900"><subfield code="a">REROnoselfmerge</subfield></datafield><datafield ind1=" " ind2=" " tag="911"><subfield code="a">100</subfield><subfield code="a">Raedt, Luc de</subfield><subfield code="d">1964-</subfield></datafield><datafield ind1=" " ind2=" " tag="949"><subfield code="a">https://toc.library.ethz.ch/objects/pdf/e01_978-3-540-20040-6_01.pdf</subfield></datafield><datafield ind1=" " ind2=" " tag="949"><subfield code="a">https://toc.library.ethz.ch/objects/pdf/e01_978-3-540-20040-6_02.pdf</subfield></datafield></record>
</metadata></record>