<record><header><identifier>oai:alma.41SLSP_UGE:991000047929705502</identifier><datestamp>2024-04-11T00:23:28Z</datestamp><setSpec>uge_bcen_RapidILL_BOOK</setSpec><setSpec>uge_aaca_RapidILL_BOOK</setSpec><setSpec>uge_abels_RapidILL_BOOK</setSpec><setSpec>uge_dbu_RapidILL_BOOK</setSpec><setSpec>uge_cmu_RapidILL_BOOK</setSpec><setSpec>uge_mail_RapidILL_BOOK</setSpec><setSpec>uge_abbat_RapidILL_BOOK</setSpec><setSpec>UNIGE_ALL</setSpec><setSpec>uge_aobs_RapidILL_BOOK</setSpec><setSpec>uge_acar_RapidILL_BOOK</setSpec></header><metadata>
<record xmlns="http://www.loc.gov/MARC21/slim" xmlns:xsi="http://www.w3.org/2001/XMLSchema-instance" xsi:schemaLocation="http://www.loc.gov/MARC21/slim http://www.loc.gov/standards/marcxml/schema/MARC21slim.xsd"><leader>02527nam a2200733 c 4500</leader><controlfield tag="001">991000047929705502</controlfield><controlfield tag="005">20240410141214.0</controlfield><controlfield tag="008">201011s1990    gw ||||| |||| 00| ||ger d</controlfield><datafield ind1=" " ind2=" " tag="020"><subfield code="a">3161455835</subfield></datafield><datafield ind1=" " ind2=" " tag="035"><subfield code="a">(swissbib)228667399-41slsp_network</subfield></datafield><datafield ind1=" " ind2=" " tag="035"><subfield code="a">228667399</subfield><subfield code="9">ExL</subfield></datafield><datafield ind1=" " ind2=" " tag="035"><subfield code="a">(RERO)1285649-41slsp</subfield></datafield><datafield ind1=" " ind2=" " tag="035"><subfield code="a">(IDSBB)000629474DSV01</subfield></datafield><datafield ind1=" " ind2=" " tag="035"><subfield code="a">(IDSLU)000230056ILU01</subfield></datafield><datafield ind1=" " ind2=" " tag="035"><subfield code="a">(NEBIS)001145846EBI01</subfield></datafield><datafield ind1=" " ind2=" " tag="035"><subfield code="a">(IDSSG)000027588HSB01</subfield></datafield><datafield ind1=" " ind2=" " tag="035"><subfield code="a">(EXLNZ-41SLSP_NETWORK)991027028949705501</subfield></datafield><datafield ind1=" " ind2=" " tag="040"><subfield code="a">RERO geubfd</subfield><subfield code="d">CH-ZuSLS</subfield></datafield><datafield ind1=" " ind2="7" tag="072"><subfield code="a">dr</subfield><subfield code="2">rero</subfield></datafield><datafield ind1=" " ind2="7" tag="072"><subfield code="a">rw</subfield><subfield code="2">SzZuIDS BS/BE</subfield></datafield><datafield ind1=" " ind2="7" tag="072"><subfield code="a">840</subfield><subfield code="2">IDS LU</subfield></datafield><datafield ind1="0" ind2="4" tag="082"><subfield code="a">346.43077</subfield><subfield code="2">20</subfield></datafield><datafield ind1="1" ind2="4" tag="082"><subfield code="a">346.4302</subfield><subfield code="2">21</subfield></datafield><datafield ind1="1" ind2="4" tag="082"><subfield code="a">340</subfield><subfield code="2">15</subfield></datafield><datafield ind1=" " ind2=" " tag="084"><subfield code="a">CA/D 75 g</subfield><subfield code="2">cjurrom</subfield></datafield><datafield ind1=" " ind2=" " tag="084"><subfield code="a">CA/D 77 g</subfield><subfield code="2">cjurrom</subfield></datafield><datafield ind1=" " ind2=" " tag="084"><subfield code="a">CA/D 71 g</subfield><subfield code="2">cjurrom</subfield></datafield><datafield ind1="1" ind2=" " tag="100"><subfield code="a">Lange, Hermann</subfield><subfield code="d">1922-2018</subfield><subfield code="0">(DE-588)119020823</subfield><subfield code="6">880-01</subfield></datafield><datafield ind1="1" ind2=" " tag="880"><subfield code="a">Lange, Hermann</subfield><subfield code="0">(RERO)A003494382</subfield><subfield code="4">cre</subfield><subfield code="6">100-01</subfield></datafield><datafield ind1="1" ind2="0" tag="245"><subfield code="a">Schadensersatz</subfield><subfield code="c">von Hermann Lange</subfield></datafield><datafield ind1=" " ind2=" " tag="250"><subfield code="a">2., neubearb. Aufl.</subfield></datafield><datafield ind1=" " ind2="1" tag="264"><subfield code="a">Tübingen</subfield><subfield code="b">J.C.B. Mohr (P. Siebeck)</subfield><subfield code="c">1990</subfield></datafield><datafield ind1=" " ind2=" " tag="300"><subfield code="a">XXX, 813 p.</subfield><subfield code="c">24 cm</subfield></datafield><datafield ind1=" " ind2=" " tag="336"><subfield code="b">txt</subfield><subfield code="2">rdacontent</subfield></datafield><datafield ind1=" " ind2=" " tag="337"><subfield code="b">n</subfield><subfield code="2">rdamedia</subfield></datafield><datafield ind1=" " ind2=" " tag="338"><subfield code="b">nc</subfield><subfield code="2">rdacarrier</subfield></datafield><datafield ind1="1" ind2=" " tag="490"><subfield code="a">Handbuch des Schuldrechts</subfield><subfield code="v">Bd. 1</subfield></datafield><datafield ind1=" " ind2=" " tag="504"><subfield code="a">Bibliogr</subfield></datafield><datafield ind1=" " ind2=" " tag="504"><subfield code="a">Literaturverzeichnis</subfield></datafield><datafield ind1=" " ind2="7" tag="650"><subfield code="a">Responsabilité (droit)</subfield><subfield code="0">(IDREF)027480259</subfield><subfield code="2">idref</subfield></datafield><datafield ind1=" " ind2="7" tag="650"><subfield code="a">dommage</subfield><subfield code="0">(RERO)A009953245</subfield><subfield code="2">rerovoc</subfield></datafield><datafield ind1=" " ind2="7" tag="650"><subfield code="a">Réparation (droit)</subfield><subfield code="0">(IDREF)027777170</subfield><subfield code="2">idref</subfield></datafield><datafield ind1=" " ind2="7" tag="650"><subfield code="a">Schadenersatz</subfield><subfield code="z">Deutschland (BRD)</subfield><subfield code="2">idsbb</subfield></datafield><datafield ind1=" " ind2="4" tag="650"><subfield code="a">Schadensersatz</subfield></datafield><datafield ind1=" " ind2="7" tag="650"><subfield code="a">Schadenersatz</subfield><subfield code="2">idszbz</subfield></datafield><datafield ind1=" " ind2="7" tag="650"><subfield code="a">Recht</subfield><subfield code="2">idszbz</subfield></datafield><datafield ind1=" " ind2="0" tag="650"><subfield code="a">Damages</subfield><subfield code="z">Germany (West)</subfield></datafield><datafield ind1=" " ind2="0" tag="650"><subfield code="a">Liability (Law)</subfield><subfield code="z">Germany (West)</subfield></datafield><datafield ind1=" " ind2="0" tag="650"><subfield code="a">Torts</subfield><subfield code="z">Germany (West)</subfield></datafield><datafield ind1=" " ind2="7" tag="650"><subfield code="a">Schadensersatz</subfield><subfield code="0">(DE-588)4051927-2</subfield><subfield code="2">gnd</subfield></datafield><datafield ind1=" " ind2="7" tag="650"><subfield code="a">Schuldrecht</subfield><subfield code="0">(DE-588)4053469-8</subfield><subfield code="2">gnd</subfield></datafield><datafield ind1=" " ind2="7" tag="651"><subfield code="a">Allemagne (République fédérale)</subfield><subfield code="0">(IDREF)027259234</subfield><subfield code="2">idref</subfield></datafield><datafield ind1=" " ind2="4" tag="651"><subfield code="a">Deutschland</subfield></datafield><datafield ind1=" " ind2="4" tag="651"><subfield code="a">Deutschland (Bundesrepublik)</subfield></datafield><datafield ind1=" " ind2="7" tag="651"><subfield code="a">Deutschland</subfield><subfield code="0">(DE-588)4011882-4</subfield><subfield code="2">gnd</subfield></datafield><datafield ind1=" " ind2="7" tag="651"><subfield code="a">Deutschland (BRD)</subfield><subfield code="2">idszbz</subfield></datafield><datafield ind1=" " ind2="7" tag="651"><subfield code="a">Deutschland</subfield><subfield code="g">Bundesrepublik</subfield><subfield code="0">(DE-588)4011889-7</subfield><subfield code="2">gnd</subfield></datafield><datafield ind1=" " ind2="7" tag="655"><subfield code="a">Manuels d'enseignement</subfield><subfield code="0">(IDREF)027446514</subfield><subfield code="2">idref</subfield></datafield><datafield ind1=" " ind2="7" tag="655"><subfield code="a">Handbuch</subfield><subfield code="2">idszbz</subfield></datafield><datafield ind1=" " ind2=" " tag="691"><subfield code="e">PC 77 D</subfield><subfield code="2">rzs-L1</subfield></datafield><datafield ind1=" " ind2=" " tag="830"><subfield code="a">Handbuch des Schuldrechts</subfield><subfield code="v">1/2</subfield><subfield code="w">(NEBIS)000994142EBI01</subfield></datafield><datafield ind1=" " ind2=" " tag="830"><subfield code="a">Handbuch des Schuldrechts</subfield><subfield code="v">1</subfield><subfield code="w">(IDSSG)000008699HSB01</subfield></datafield><datafield ind1=" " ind2=" " tag="900"><subfield code="a">REROnoselfmerge</subfield></datafield><datafield ind1=" " ind2=" " tag="900"><subfield code="a">IDSZ2rwimon201011l</subfield><subfield code="c">IDSZ2biss</subfield></datafield></record>
</metadata></record>