<record><header><identifier>oai:alma.41SLSP_UGE:991000047719705502</identifier><datestamp>2023-03-01T01:09:20Z</datestamp><setSpec>uge_bcen_RapidILL_BOOK</setSpec><setSpec>uge_aaca_RapidILL_BOOK</setSpec><setSpec>uge_abels_RapidILL_BOOK</setSpec><setSpec>uge_dbu_RapidILL_BOOK</setSpec><setSpec>uge_cmu_RapidILL_BOOK</setSpec><setSpec>uge_mail_RapidILL_BOOK</setSpec><setSpec>UNIGE_ALL</setSpec><setSpec>uge_abbat_RapidILL_BOOK</setSpec><setSpec>uge_acar_RapidILL_BOOK</setSpec><setSpec>uge_aobs_RapidILL_BOOK</setSpec></header><metadata>
<record xmlns="http://www.loc.gov/MARC21/slim" xmlns:xsi="http://www.w3.org/2001/XMLSchema-instance" xsi:schemaLocation="http://www.loc.gov/MARC21/slim http://www.loc.gov/standards/marcxml/schema/MARC21slim.xsd"><leader>02245nam a2200529 c 4500</leader><controlfield tag="001">991000047719705502</controlfield><controlfield tag="005">20220920115120.0</controlfield><controlfield tag="008">201011s1976    gw ||||| |||| 00| ||ger d</controlfield><datafield ind1=" " ind2=" " tag="035"><subfield code="a">(swissbib)218211236-41slsp_network</subfield></datafield><datafield ind1=" " ind2=" " tag="035"><subfield code="a">218211236</subfield><subfield code="9">ExL</subfield></datafield><datafield ind1=" " ind2=" " tag="035"><subfield code="a">(RERO)0091585-41slsp</subfield></datafield><datafield ind1=" " ind2=" " tag="035"><subfield code="a">(IDSBB)000723100DSV01</subfield></datafield><datafield ind1=" " ind2=" " tag="035"><subfield code="a">(IDSLU)000673391ILU01</subfield></datafield><datafield ind1=" " ind2=" " tag="035"><subfield code="a">(NEBIS)003194518EBI01</subfield></datafield><datafield ind1=" " ind2=" " tag="035"><subfield code="a">(EXLNZ-41SLSP_NETWORK)991087217209705501</subfield></datafield><datafield ind1=" " ind2=" " tag="040"><subfield code="a">RERO</subfield><subfield code="d">CH-ZuSLS</subfield></datafield><datafield ind1=" " ind2="7" tag="072"><subfield code="a">th</subfield><subfield code="2">rero</subfield></datafield><datafield ind1=" " ind2="7" tag="072"><subfield code="a">th</subfield><subfield code="2">SzZuIDS BS/BE</subfield></datafield><datafield ind1="0" ind2="0" tag="082"><subfield code="a">281/.08 s</subfield><subfield code="a">224/.2/06</subfield></datafield><datafield ind1="1" ind2=" " tag="100"><subfield code="6">880-01</subfield><subfield code="a">Wolff, Christian</subfield><subfield code="c">théologien</subfield><subfield code="d">19..-....</subfield><subfield code="0">(IDREF)129136719</subfield><subfield code="4">cre</subfield></datafield><datafield ind1="1" ind2=" " tag="880"><subfield code="a">Wolff, Christian</subfield><subfield code="d">1943-2020</subfield><subfield code="0">(DE-588)129227889</subfield><subfield code="6">100-01</subfield></datafield><datafield ind1="1" ind2="0" tag="245"><subfield code="a">Jeremia im Frühjudentum und Urchristentum</subfield><subfield code="c">von Christian Wolff</subfield></datafield><datafield ind1=" " ind2="1" tag="264"><subfield code="a">Berlin</subfield><subfield code="b">Akademie-Verlag</subfield><subfield code="c">1976</subfield></datafield><datafield ind1=" " ind2=" " tag="300"><subfield code="a">XXIII, 264 p.</subfield><subfield code="c">24 cm</subfield></datafield><datafield ind1=" " ind2=" " tag="336"><subfield code="b">txt</subfield><subfield code="2">rdacontent</subfield></datafield><datafield ind1=" " ind2=" " tag="337"><subfield code="b">n</subfield><subfield code="2">rdamedia</subfield></datafield><datafield ind1=" " ind2=" " tag="338"><subfield code="b">nc</subfield><subfield code="2">rdacarrier</subfield></datafield><datafield ind1="1" ind2=" " tag="490"><subfield code="a">Texte und Untersuchungen zur Geschichte der altchristlichen Literatur</subfield><subfield code="v">Bd 118</subfield></datafield><datafield ind1=" " ind2=" " tag="500"><subfield code="a">Titel der Diss.: Jeremia in Spätjudentum und Urchristentum</subfield></datafield><datafield ind1=" " ind2=" " tag="502"><subfield code="a">Zugl.: überarbeitete Diss. Greifswald, 1971</subfield></datafield><datafield ind1="0" ind2="7" tag="600"><subfield code="a">Jérémie</subfield><subfield code="c">prophète biblique</subfield><subfield code="0">(IDREF)027266842</subfield><subfield code="2">idref</subfield></datafield><datafield ind1="0" ind2="7" tag="600"><subfield code="a">Jeremias</subfield><subfield code="2">idsbb</subfield></datafield><datafield ind1="0" ind2="7" tag="630"><subfield code="a">Bible</subfield><subfield code="p">AT</subfield><subfield code="p">Jérémie</subfield><subfield code="0">(RERO)A009967356</subfield><subfield code="2">rero</subfield></datafield><datafield ind1="0" ind2="0" tag="630"><subfield code="a">Bible</subfield><subfield code="p">Jeremiah</subfield><subfield code="x">Criticism, interpretation, etc</subfield><subfield code="x">History</subfield></datafield><datafield ind1=" " ind2="4" tag="650"><subfield code="a">Frühjudentum</subfield></datafield><datafield ind1=" " ind2="4" tag="650"><subfield code="a">Urchristentum</subfield></datafield><datafield ind1=" " ind2="7" tag="650"><subfield code="a">Frühjudentum</subfield><subfield code="0">(DE-588)4071487-1</subfield><subfield code="2">gnd</subfield></datafield><datafield ind1=" " ind2="7" tag="650"><subfield code="a">Urchristentum</subfield><subfield code="0">(DE-588)4062115-7</subfield><subfield code="2">gnd</subfield></datafield><datafield ind1=" " ind2="7" tag="655"><subfield code="a">Hochschulschrift</subfield><subfield code="2">gnd-content</subfield></datafield><datafield ind1=" " ind2=" " tag="690"><subfield code="a">Jeremias &amp; Literatur, jüdische</subfield><subfield code="2">rzs-L1</subfield></datafield><datafield ind1=" " ind2=" " tag="690"><subfield code="a">Literatur, jüdische &amp; Jeremias, Prophet</subfield><subfield code="2">rzs-L1</subfield></datafield><datafield ind1=" " ind2=" " tag="690"><subfield code="a">Jeremia (Buch) / Wirkungsgeschichte</subfield><subfield code="2">uzb-Z9</subfield></datafield><datafield ind1=" " ind2="0" tag="830"><subfield code="a">Texte und Untersuchungen zur Geschichte der altchristlichen Literatur</subfield><subfield code="v">118</subfield><subfield code="w">(IDSLU)000165166ILU01</subfield></datafield><datafield ind1=" " ind2="0" tag="830"><subfield code="a">Texte und Untersuchungen zur Geschichte der altchristlichen Literatur</subfield><subfield code="v">118</subfield><subfield code="w">(RERO)0039551-41slsp</subfield></datafield><datafield ind1=" " ind2="0" tag="830"><subfield code="a">Texte und Untersuchungen zur Geschichte der altchristlichen Literatur</subfield><subfield code="v">118</subfield><subfield code="w">(IDSBB)000054073DSV01</subfield></datafield><datafield ind1=" " ind2=" " tag="900"><subfield code="a">REROnoselfmerge</subfield></datafield><datafield ind1=" " ind2=" " tag="900"><subfield code="a">IDSZRMedeaZBZ</subfield></datafield><datafield ind1=" " ind2=" " tag="900"><subfield code="f">IDSU2medea</subfield></datafield></record>
</metadata></record>