<record><header><identifier>oai:alma.41SLSP_UGE:991000047919705502</identifier><datestamp>2024-03-09T01:29:21Z</datestamp><setSpec>uge_bcen_RapidILL_BOOK</setSpec><setSpec>uge_aaca_RapidILL_BOOK</setSpec><setSpec>uge_abels_RapidILL_BOOK</setSpec><setSpec>uge_dbu_RapidILL_BOOK</setSpec><setSpec>uge_cmu_RapidILL_BOOK</setSpec><setSpec>uge_mail_RapidILL_BOOK</setSpec><setSpec>uge_abbat_RapidILL_BOOK</setSpec><setSpec>UNIGE_ALL</setSpec><setSpec>uge_acar_RapidILL_BOOK</setSpec><setSpec>uge_aobs_RapidILL_BOOK</setSpec></header><metadata>
<record xmlns="http://www.loc.gov/MARC21/slim" xmlns:xsi="http://www.w3.org/2001/XMLSchema-instance" xsi:schemaLocation="http://www.loc.gov/MARC21/slim http://www.loc.gov/standards/marcxml/schema/MARC21slim.xsd"><leader>07728nam a2200721 c 4500</leader><controlfield tag="001">991000047919705502</controlfield><controlfield tag="005">20240308055144.0</controlfield><controlfield tag="008">201011s2000    gw            00| | ger  </controlfield><datafield ind1=" " ind2=" " tag="020"><subfield code="a">3465030419</subfield><subfield code="q">ln</subfield></datafield><datafield ind1=" " ind2=" " tag="020"><subfield code="a">3465030400</subfield><subfield code="q">kt</subfield></datafield><datafield ind1="7" ind2=" " tag="024"><subfield code="a">http://catalogue.bnf.fr/ark:/12148/cb377022833</subfield><subfield code="2">uri</subfield></datafield><datafield ind1=" " ind2=" " tag="035"><subfield code="a">(swissbib)227386647-41slsp_network</subfield></datafield><datafield ind1=" " ind2=" " tag="035"><subfield code="a">227386647</subfield><subfield code="9">ExL</subfield></datafield><datafield ind1=" " ind2=" " tag="035"><subfield code="a">(NEBIS)003857082EBI01</subfield></datafield><datafield ind1=" " ind2=" " tag="035"><subfield code="a">(RERO)R265803360-41slsp</subfield></datafield><datafield ind1=" " ind2=" " tag="035"><subfield code="a">(IDSSG)000007744HSB01</subfield></datafield><datafield ind1=" " ind2=" " tag="035"><subfield code="a">(IDSBB)002010892DSV01</subfield></datafield><datafield ind1=" " ind2=" " tag="035"><subfield code="a">(IDSLU)000189799ILU01</subfield></datafield><datafield ind1=" " ind2=" " tag="035"><subfield code="a">(ABN)000102449ABN01</subfield></datafield><datafield ind1=" " ind2=" " tag="035"><subfield code="a">(EXLNZ-41SLSP_NETWORK)991108558339705501</subfield></datafield><datafield ind1=" " ind2=" " tag="040"><subfield code="a">ZBZ</subfield><subfield code="d">CH-ZuSLS</subfield></datafield><datafield ind1=" " ind2="7" tag="072"><subfield code="a">ph</subfield><subfield code="2">rero</subfield></datafield><datafield ind1=" " ind2="7" tag="072"><subfield code="a">ph</subfield><subfield code="2">SzZuIDS BS/BE</subfield></datafield><datafield ind1=" " ind2="7" tag="072"><subfield code="a">100</subfield><subfield code="2">IDS LU</subfield></datafield><datafield ind1="0" ind2="0" tag="082"><subfield code="a">193</subfield><subfield code="2">19</subfield></datafield><datafield ind1="0" ind2="4" tag="082"><subfield code="a">261.51</subfield><subfield code="2">21</subfield></datafield><datafield ind1=" " ind2=" " tag="084"><subfield code="a">CI 2600</subfield><subfield code="2">rvk</subfield></datafield><datafield ind1="1" ind2=" " tag="100"><subfield code="a">Heidegger, Martin</subfield><subfield code="d">1889-1976</subfield><subfield code="0">(DE-588)118547798</subfield><subfield code="4">aut</subfield><subfield code="6">880-01</subfield></datafield><datafield ind1="1" ind2=" " tag="880"><subfield code="6">100-01</subfield><subfield code="a">Heidegger, Martin</subfield><subfield code="d">1889-1976</subfield><subfield code="0">(IDREF)026917548</subfield><subfield code="4">cre</subfield></datafield><datafield ind1="1" ind2="0" tag="245"><subfield code="a">Reden und andere Zeugnisse eines Lebensweges</subfield><subfield code="b">1910-1976</subfield><subfield code="c">Martin Heidegger</subfield></datafield><datafield ind1=" " ind2="1" tag="264"><subfield code="a">Frankfurt am Main</subfield><subfield code="b">Klostermann</subfield><subfield code="c">2000</subfield></datafield><datafield ind1=" " ind2="4" tag="264"><subfield code="c">© 2000</subfield></datafield><datafield ind1=" " ind2=" " tag="300"><subfield code="a">XXI, 842 p.</subfield><subfield code="c">21 cm</subfield></datafield><datafield ind1=" " ind2=" " tag="336"><subfield code="b">txt</subfield><subfield code="2">rdacontent</subfield></datafield><datafield ind1=" " ind2=" " tag="337"><subfield code="b">n</subfield><subfield code="2">rdamedia</subfield></datafield><datafield ind1=" " ind2=" " tag="338"><subfield code="b">nc</subfield><subfield code="2">rdacarrier</subfield></datafield><datafield ind1="1" ind2=" " tag="490"><subfield code="a">Veröffentlichte Schriften 1910-1976 / Martin Heidegger</subfield></datafield><datafield ind1="1" ind2=" " tag="490"><subfield code="a">Gesamtausgabe / Martin Heidegger</subfield><subfield code="v">Band 16</subfield><subfield code="a">Abt. 1, Veröffentlichte Schriften 1910-1976</subfield></datafield><datafield ind1="1" ind2="7" tag="600"><subfield code="a">Heidegger, Martin</subfield><subfield code="d">1889-1976</subfield><subfield code="0">(IDREF)026917548</subfield><subfield code="2">idref</subfield></datafield><datafield ind1="1" ind2="7" tag="600"><subfield code="a">Heidegger, Martin</subfield><subfield code="d">1889-1976</subfield><subfield code="0">(DE-588)118547798</subfield><subfield code="2">gnd</subfield></datafield><datafield ind1=" " ind2="7" tag="648"><subfield code="a">Geschichte 1910-1976</subfield><subfield code="2">gnd</subfield></datafield><datafield ind1=" " ind2="7" tag="648"><subfield code="a">Geschichte 1966</subfield><subfield code="2">gnd</subfield></datafield><datafield ind1=" " ind2="7" tag="650"><subfield code="a">Existenzphilosophie</subfield><subfield code="0">(DE-588)4015972-3</subfield><subfield code="2">gnd</subfield></datafield><datafield ind1=" " ind2="7" tag="650"><subfield code="a">Philosophie</subfield><subfield code="0">(DE-588)4045791-6</subfield><subfield code="2">gnd</subfield></datafield><datafield ind1=" " ind2="0" tag="650"><subfield code="a">Philosophy</subfield></datafield><datafield ind1=" " ind2="7" tag="650"><subfield code="a">1910-1976</subfield><subfield code="2">rero</subfield></datafield><datafield ind1=" " ind2="7" tag="655"><subfield code="a">[document]</subfield><subfield code="2">rerovoc</subfield><subfield code="0">(RERO)A010182398</subfield></datafield><datafield ind1=" " ind2="7" tag="655"><subfield code="a">Biografie</subfield><subfield code="2">gnd-content</subfield></datafield><datafield ind1=" " ind2=" " tag="690"><subfield code="a">Hochschule; Tagung; Hochzeit; Jubiläum; Studienfach; Geburtstag; Arbeitsdienst; Berlin; Christentum; Buddhismus; Ministerium; Wort; Anschuldigung; Erzählung; Ordnung; Verfassung; Lager; Lebenslauf; Neukantianismus; Student; Hochschullehrer; Entscheidung; Kirchengeschichte; Wirtschaftswissenschaft</subfield><subfield code="2">idssg-J</subfield></datafield><datafield ind1=" " ind2=" " tag="690"><subfield code="a">Senatssitzung; Promotionsordnung; SA-Hochschulamt; Arbeitsüberlastung; Auslesetagung; Dichterlesung; Duquesne-Universität; Ferienlager; Heimatuniversität; Lebenslüge; Selbstbehauptung; Tischrede; Chefredaktion; Sonnwendfeier; Unterrichtsbetrieb; Wehrsport; .-Jubiläum; Anti-Versailles-Kundgebung; Dankrede; Dienstgeschäft; Einweihungsfeier; Ergänzungsbestimmung; Erziehungsarbeit; Extraordinariat; Forschungsarbeit; Geburtstagsfeier; Geistesarbeit; Grabrede; Heidegger-Symposium; Heimatfest; Lehrtätigkeit; Neugestaltung; Notstandsarbeiter; Privatdozent; Promotionsreform; Religionspsychologie; Semesterbeginn; Studentenwerk; .-Mai; Abendblatt; Abschiedsschreiben; Brief-Vorwort; Bühlerhöhe; Dankansprache; Denkweg; Dienstverhältnis; Erläuterunge; Festansprache; Festschrift; Gebildetender; Gedenkwort; Geleitwort; Gottesbedürfnis; Grußwort; Hausfreund; Hebelgedenkpreis; Heimatabend; Heimatstadt; Hochschulsenat; Hochzeitstag; Hüttentag; Julinacht; Kameradschaftshaus; Kulturproblem; Langemarckgedächtnis; Lebenswahrheit; Malhaus; Nichtordinarius; Pensionsbezug; Pfingstsonntag; Reichsführer; Reichsstatthalter; Reisebuch; Rektoratsübergabe; Rektorengruppe; Schulungskurs; Sommersonnenwende; Spiegel-Gespräch; Stauding; Stellungnahme; Tatsache; Theologen-Student; Unterbewusstsein; Volksleben; Weltsituation; Wintersemester; Zeittafel; Zähringer</subfield><subfield code="2">idssg-J</subfield></datafield><datafield ind1=" " ind2=" " tag="690"><subfield code="a">aufrichtige Dankbarkeit; frühe Zusage; große Überlieferung; langjährige Mitarbeiterin; münchner Zeitung; neue Hochschulverfassung; neue Welt; starke Begabung; unsinnige Anschuldigung; allseitige Klärung; anderes Zeugnis; außenpolitische Belastung; badische Hochschulverfassung; badische Universität; basler Nachricht; bedrohter Kollege; bescheidene Bedingung; buddhistischer Mönch; deutlicher Hinweis; deutscher Student; deutsche Studentenschaft; deutsche Universität; einheitliche Durchführung; erbetene Vorbemerkung; erste Vorlesung; erweiterte Senatssitzung; feierliche Immatrikulation; freiburger Studentenschaft; freiburger Universität; führende Stelle; fünfzigjähriges Bestehen; ganze Universität; gedruckte Danksagung; gegenwärtiger Kampf; gehaltene Rede; geistige Welt; geistige Überlieferung; gelockerte Sammlung; gemachte Zusage; gemeinschaftliche Erziehungsarbeit; gemäßes Verhältnis; geplante Freizeit; getreue Mitarbeiterin; großer Arzt; heutiger Mensch; historische Weltanschauung; irisches Volksleben; japanische Übersetzung; kirchengeschichtlicher Lehrstuhl; klare Entscheidung; kurze AntiVersailles-Kundgebung; lügenhafte Anschuldigung; medizinische Fakultät; moderne Technik; morgige Sonnwendfeier; nationalsozialistischer Staat; neue Aufgabe; neue Promotionsordnung; neues Reich; neue Verfassung; neuzeitliche Naturwissenschaft; ordentlicher Assistent; pathologische Anatomie; philosophische Orientierung; philosophisches Seminar; schwere Aufgabe; schwere Schädigung; sechzigster Geburtstag; siebenzigster Geburtstag; siebzigster Geburtstag; staatlicher Hebelgedenkpreis; stiller Hüttentag; stiller Pfad; systematisch-philosophische Begabung; süddeutsche Zeitung; technische Hochschule; treue Hilfe; trostloses Unverständnis; unerschütterliche Freundschaft; unrichtige Angabe; unverbraucht Alemannentum; unveränderte Dankbarkeit; verschiedene Position; wechselseitige Spiegelung; w</subfield><subfield code="2">idssg-J</subfield></datafield><datafield ind1=" " ind2=" " tag="690"><subfield code="a">ertvoller Besitz; wertvolle Novelle; wohlwollende Prüfung; zahnärztliche Professur; zehnt Colloquiums</subfield><subfield code="2">idssg-J</subfield></datafield><datafield ind1=" " ind2=" " tag="690"><subfield code="a">Deutschland C4EUGE; Welt C00WOR; Baden-Württemberg C4EUGE[0]; Vereinigte Staaten C1USA; Hawaii C1USA; Sachsen C4EUGE; Belgien C4EUBL; Frankreich C4EUFR; Pennsylvania C1USA; Deutschland (bis 1945) C4EUGE; Niederlande C4EUNE; Libanon C7LEBA</subfield><subfield code="2">idssg-J</subfield></datafield><datafield ind1=" " ind2=" " tag="690"><subfield code="a">Albert Leo Schlageter; August Nr.; Bruno Leiner; Dr. Eduard Fraenkel; Dr. Hermann Staudinger; Dr. Kristeller; Dunkel Natur Geist; Edmund Husserl; Eduardo Chilü; Elementa Philosophiae Aristotelico; Ernst Fabricius; Ferienlager Todtnauberg; Fr. W. Autorität; Frau Dr.; Freund Hans Jantzen; Friedrich Rebholz; Fritz Liesel Heidegger; geheimrat Aschoff; Gerta Grahl; Hans Spemann; Hevesy Fraenkel; Hildegard Feick; Hölderlin; Jan Aler; Johann Peter Hebel; Jörgensens Lebenslüge Lebenswahrheit; Keikichi Matsuo; Ludwig; Martin HEIDEGGER; Mai Chicago; Mai Lörrach; Malvine Husserl; Marcelle Mathieu; Marcuse; Martin Heidegger; münchner Süddeutschen Zeitung; Neffe Heinrich Heidegger; Pius Schweizer; Prof. Dr. Liefmann; Prof. Dr. Wilser; Prof. Staudinger; Professor Dr. Eduard Fraenkel; Professor Heidegger; Professor Dr. Hermann Staudinger; Reichsstatthalter Robert Wagner; Rudolf Stadelmann</subfield><subfield code="2">idssg-J</subfield></datafield><datafield ind1=" " ind2=" " tag="690"><subfield code="a">Heidegger, Martin, B: Biographie</subfield><subfield code="2">rzs-L1</subfield></datafield><datafield ind1="1" ind2=" " tag="700"><subfield code="a">Heidegger, Hermann</subfield><subfield code="d">1920-2020</subfield><subfield code="0">(IDREF)033190828</subfield></datafield><datafield ind1="1" ind2=" " tag="700"><subfield code="a">Heidegger, Hermann</subfield></datafield><datafield ind1="1" ind2=" " tag="700"><subfield code="a">Heidegger, Martin</subfield><subfield code="d">1889-1976</subfield><subfield code="0">(DE-588)118547798</subfield></datafield><datafield ind1="1" ind2=" " tag="800"><subfield code="a">Heidegger, Martin</subfield><subfield code="d">1889-1976</subfield><subfield code="t">Gesamtausgabe</subfield><subfield code="v">1/16</subfield><subfield code="w">(IDSBB)000104000DSV01</subfield></datafield><datafield ind1="1" ind2=" " tag="800"><subfield code="a">Heidegger, Martin</subfield><subfield code="d">1889-1976</subfield><subfield code="t">Werke</subfield><subfield code="v">16</subfield><subfield code="w">(IDSSG)000007681HSB01</subfield></datafield><datafield ind1="1" ind2=" " tag="800"><subfield code="a">Heidegger, Martin</subfield><subfield code="t">Veröffentlichte Schriften 1914-1970</subfield><subfield code="w">(IDSSG)000278914HSB01</subfield></datafield><datafield ind1="4" ind2=" " tag="856"><subfield code="u">https://tools.unisg.ch/url/hm00005517</subfield><subfield code="z">Inhaltsverzeichnis</subfield></datafield><datafield ind1=" " ind2=" " tag="900"><subfield code="a">IDSZ2zbzmon20000e</subfield><subfield code="c">IDSZ2veze</subfield><subfield code="d">IDSZ2zbzswk200002k</subfield><subfield code="e">IDSZ2baur</subfield></datafield><datafield ind1=" " ind2=" " tag="949"><subfield code="a">https://tools.unisg.ch/url/hm00005517</subfield></datafield></record>
</metadata></record>