<record><header><identifier>oai:alma.41SLSP_UGE:991000047709705502</identifier><datestamp>2023-03-01T01:09:20Z</datestamp><setSpec>uge_bcen_RapidILL_BOOK</setSpec><setSpec>uge_aaca_RapidILL_BOOK</setSpec><setSpec>uge_abels_RapidILL_BOOK</setSpec><setSpec>uge_dbu_RapidILL_BOOK</setSpec><setSpec>uge_cmu_RapidILL_BOOK</setSpec><setSpec>uge_mail_RapidILL_BOOK</setSpec><setSpec>UNIGE_ALL</setSpec><setSpec>uge_abbat_RapidILL_BOOK</setSpec><setSpec>uge_aobs_RapidILL_BOOK</setSpec><setSpec>uge_acar_RapidILL_BOOK</setSpec></header><metadata>
<record xmlns="http://www.loc.gov/MARC21/slim" xmlns:xsi="http://www.w3.org/2001/XMLSchema-instance" xsi:schemaLocation="http://www.loc.gov/MARC21/slim http://www.loc.gov/standards/marcxml/schema/MARC21slim.xsd"><leader>00959naa a2200253 c 4500</leader><controlfield tag="001">991000047709705502</controlfield><controlfield tag="005">20211114091122.0</controlfield><controlfield tag="008">000924s1896    fr ||||| |||| 00| ||fre d</controlfield><datafield ind1=" " ind2=" " tag="035"><subfield code="a">(swissbib)095871128-41slsp_network</subfield></datafield><datafield ind1=" " ind2=" " tag="035"><subfield code="a">095871128</subfield><subfield code="9">ExL</subfield></datafield><datafield ind1=" " ind2=" " tag="035"><subfield code="a">(RERO)R272140060-41slsp</subfield></datafield><datafield ind1=" " ind2=" " tag="035"><subfield code="a">(EXLNZ-41SLSP_NETWORK)991110946249705501</subfield></datafield><datafield ind1=" " ind2=" " tag="040"><subfield code="a">RERO gevbpu</subfield><subfield code="d">CH-ZuSLS</subfield></datafield><datafield ind1=" " ind2="7" tag="072"><subfield code="a">th</subfield><subfield code="2">rero</subfield></datafield><datafield ind1="1" ind2=" " tag="100"><subfield code="a">Borgeaud, Charles</subfield><subfield code="d">1861-1940</subfield><subfield code="0">(IDREF)052566803</subfield><subfield code="4">cre</subfield></datafield><datafield ind1="1" ind2="0" tag="245"><subfield code="a">Calvin, fondateur de l'Académie de Genève</subfield><subfield code="c">par Charles Borgeaud</subfield></datafield><datafield ind1=" " ind2=" " tag="336"><subfield code="b">txt</subfield><subfield code="2">rdacontent</subfield></datafield><datafield ind1=" " ind2=" " tag="337"><subfield code="b">n</subfield><subfield code="2">rdamedia</subfield></datafield><datafield ind1=" " ind2=" " tag="338"><subfield code="b">nc</subfield><subfield code="2">rdacarrier</subfield></datafield><datafield ind1=" " ind2=" " tag="580"><subfield code="a">In: Revue internationale de l'enseignement. - Paris. - T. 32(1896), 15 août, 15 octobre et 15 novembre, 53 p.</subfield></datafield><datafield ind1="1" ind2="7" tag="600"><subfield code="a">Calvin, Jean</subfield><subfield code="d">1509-1564</subfield><subfield code="0">(IDREF)026763362</subfield><subfield code="2">idref</subfield></datafield><datafield ind1="2" ind2="7" tag="610"><subfield code="a">Université de Genève</subfield><subfield code="0">(IDREF)02643136X</subfield><subfield code="2">idref</subfield></datafield><datafield ind1=" " ind2="7" tag="650"><subfield code="a">1559</subfield><subfield code="2">rero</subfield></datafield><datafield ind1="0" ind2=" " tag="773"><subfield code="t">Revue internationale de l'enseignement</subfield><subfield code="g">1896</subfield><subfield code="g">yr:1896</subfield><subfield code="w">(RERO)0578759-41slsp</subfield></datafield><datafield ind1=" " ind2=" " tag="900"><subfield code="a">REROnoselfmerge</subfield></datafield><datafield ind1=" " ind2=" " tag="993"><subfield code="a">MHR AC 6(11)</subfield><subfield code="x">ge/mhr-/926</subfield><subfield code="9">LOCAL</subfield></datafield></record>
</metadata></record>