<record><header><identifier>oai:alma.41SLSP_UGE:991000048229705502</identifier><datestamp>2023-06-26T00:15:55Z</datestamp><setSpec>UNIGE_ALL</setSpec></header><metadata>
<record xmlns="http://www.loc.gov/MARC21/slim" xmlns:xsi="http://www.w3.org/2001/XMLSchema-instance" xsi:schemaLocation="http://www.loc.gov/MARC21/slim http://www.loc.gov/standards/marcxml/schema/MARC21slim.xsd"><leader>01440ngm a2200385 c 4500</leader><controlfield tag="001">991000048229705502</controlfield><controlfield tag="005">20230625173031.0</controlfield><controlfield tag="007">vd |v||||</controlfield><controlfield tag="008">060419s2005    fr ||| |          v|fre d</controlfield><datafield ind1="5" ind2="2" tag="028"><subfield code="a">GCT261</subfield></datafield><datafield ind1=" " ind2=" " tag="035"><subfield code="a">(swissbib)103501622-41slsp_network</subfield></datafield><datafield ind1=" " ind2=" " tag="035"><subfield code="a">103501622</subfield><subfield code="9">ExL</subfield></datafield><datafield ind1=" " ind2=" " tag="035"><subfield code="a">(RERO)R004109888-41slsp</subfield></datafield><datafield ind1=" " ind2=" " tag="035"><subfield code="a">(EXLNZ-41SLSP_NETWORK)991017607249705501</subfield></datafield><datafield ind1=" " ind2=" " tag="040"><subfield code="a">RERO labcur</subfield><subfield code="d">CH-ZuSLS</subfield></datafield><datafield ind1=" " ind2="7" tag="072"><subfield code="a">ba</subfield><subfield code="2">rero</subfield></datafield><datafield ind1="0" ind2="0" tag="245"><subfield code="a">Courts métrages turcs</subfield><subfield code="c">un film de Maurice Pialat ; musique Georges Delerue......</subfield></datafield><datafield ind1=" " ind2="1" tag="264"><subfield code="a">[Lieu de publication non identifié]</subfield><subfield code="b">Gaumont Vidéo</subfield><subfield code="c">[2005]</subfield></datafield><datafield ind1=" " ind2="4" tag="264"><subfield code="c">© 2005</subfield></datafield><datafield ind1=" " ind2=" " tag="300"><subfield code="a">1 DVD vidéo</subfield><subfield code="b">couleur PAL</subfield></datafield><datafield ind1=" " ind2=" " tag="336"><subfield code="b">tdi</subfield><subfield code="2">rdacontent</subfield></datafield><datafield ind1=" " ind2=" " tag="337"><subfield code="b">v</subfield><subfield code="2">rdamedia</subfield></datafield><datafield ind1=" " ind2=" " tag="338"><subfield code="b">vd</subfield><subfield code="2">rdacarrier</subfield></datafield><datafield ind1="1" ind2=" " tag="490"><subfield code="a">[Pialat : l'intégrale</subfield><subfield code="v">2]</subfield></datafield><datafield ind1=" " ind2=" " tag="500"><subfield code="a">Uneprod.: Como Films, 1964</subfield></datafield><datafield ind1=" " ind2=" " tag="500"><subfield code="a">Format image: 16/9 compatible 4/3 (zone 2)</subfield></datafield><datafield ind1=" " ind2=" " tag="500"><subfield code="a">Langue: français</subfield></datafield><datafield ind1=" " ind2=" " tag="500"><subfield code="a">Données vidéo</subfield></datafield><datafield ind1="0" ind2=" " tag="505"><subfield code="a">Bosphore ; Byzance ; Corne d'or ; Istanbul ; Maître Galip ; Pehlivan</subfield></datafield><datafield ind1="0" ind2=" " tag="505"><subfield code="a">Entretien avec Willy Kurant ; Vol turc ; courts-métrages amateurs de M. Pialat ; Pialat au pilon</subfield></datafield><datafield ind1=" " ind2=" " tag="508"><subfield code="a">Photogr.: Willy Kurant ; montage Bob Wade...</subfield></datafield><datafield ind1=" " ind2="7" tag="655"><subfield code="a">DVD</subfield><subfield code="0">(IDREF)035108444</subfield><subfield code="2">idref</subfield></datafield><datafield ind1=" " ind2="7" tag="655"><subfield code="a">Films de fiction</subfield><subfield code="0">(IDREF)14779644X</subfield><subfield code="2">idref</subfield></datafield><datafield ind1="1" ind2=" " tag="700"><subfield code="a">Pialat, Maurice</subfield><subfield code="0">(RERO)A003691419</subfield></datafield><datafield ind1="1" ind2=" " tag="700"><subfield code="a">Delerue, Georges</subfield><subfield code="d">1925-1992</subfield><subfield code="0">(IDREF)033067449</subfield></datafield><datafield ind1=" " ind2="0" tag="830"><subfield code="a">Pialat</subfield><subfield code="v">2</subfield><subfield code="w">(RERO)R003620366-41slsp</subfield></datafield></record>
</metadata></record>