<record><header><identifier>oai:alma.41SLSP_UGE:991000048149705502</identifier><datestamp>2023-06-06T00:10:24Z</datestamp><setSpec>UNIGE_ALL</setSpec></header><metadata>
<record xmlns="http://www.loc.gov/MARC21/slim" xmlns:xsi="http://www.w3.org/2001/XMLSchema-instance" xsi:schemaLocation="http://www.loc.gov/MARC21/slim http://www.loc.gov/standards/marcxml/schema/MARC21slim.xsd"><leader>01646ngm a2200301 c 4500</leader><controlfield tag="001">991000048149705502</controlfield><controlfield tag="005">20230605205342.0</controlfield><controlfield tag="007">vd |v||||</controlfield><controlfield tag="008">971020s1997    fr ||| |          v|fre d</controlfield><datafield ind1=" " ind2=" " tag="035"><subfield code="a">(swissbib)092580971-41slsp_network</subfield></datafield><datafield ind1=" " ind2=" " tag="035"><subfield code="a">092580971</subfield><subfield code="9">ExL</subfield></datafield><datafield ind1=" " ind2=" " tag="035"><subfield code="a">(RERO)R220329460-41slsp</subfield></datafield><datafield ind1=" " ind2=" " tag="035"><subfield code="a">(EXLNZ-41SLSP_NETWORK)991068337209705501</subfield></datafield><datafield ind1=" " ind2=" " tag="040"><subfield code="a">RERO geumed</subfield><subfield code="d">CH-ZuSLS</subfield></datafield><datafield ind1=" " ind2="7" tag="072"><subfield code="a">fr</subfield><subfield code="2">rero</subfield></datafield><datafield ind1="0" ind2="0" tag="245"><subfield code="a">Paul Léautaud (1872-1956)</subfield><subfield code="c">un film écrit et réal. par Patrick Zeyen</subfield></datafield><datafield ind1=" " ind2="1" tag="264"><subfield code="a">Paris</subfield><subfield code="b">France 3</subfield><subfield code="b">Téléimages [prod.]</subfield><subfield code="c">1997</subfield></datafield><datafield ind1=" " ind2=" " tag="300"><subfield code="a">1 DVD-R (45 min.)</subfield></datafield><datafield ind1=" " ind2=" " tag="336"><subfield code="b">tdi</subfield><subfield code="2">rdacontent</subfield></datafield><datafield ind1=" " ind2=" " tag="337"><subfield code="b">v</subfield><subfield code="2">rdamedia</subfield></datafield><datafield ind1=" " ind2=" " tag="338"><subfield code="b">vd</subfield><subfield code="2">rdacarrier</subfield></datafield><datafield ind1="1" ind2=" " tag="490"><subfield code="a">Un siècle d'écrivains</subfield><subfield code="v">129</subfield></datafield><datafield ind1=" " ind2=" " tag="500"><subfield code="a">Diffusé le 9 juillet 1997 sur France 3</subfield></datafield><datafield ind1=" " ind2=" " tag="500"><subfield code="a">Images d'archives de provenances diverses</subfield></datafield><datafield ind1="8" ind2=" " tag="520"><subfield code="a">&quot;Paul Léautaud, né le 18 janvier 1872 à Paris et mort le 22 février 1956 à Châtenay-Malabry, est un écrivain et critique littéraire français. La part de son œuvre consacrée à la critique dramatique fut écrite sous le nom de plume de Maurice Boissard. On se souvient surtout de lui pour son Journal littéraire en dix-neuf volumes et comme d'un briscard perspicace et tonitruant grâce aux trente-huit entretiens radiophoniques qu'il a accordés à Robert Mallet en 1950-51. Ses dernières paroles avant de mourir auraient été : &quot; Maintenant, foutez-moi la paix.&quot;&quot; cf Wikipédia</subfield><subfield code="5">RERO/geumem/10.2014</subfield></datafield><datafield ind1="1" ind2="7" tag="600"><subfield code="a">Léautaud, Paul</subfield><subfield code="d">1872-1956</subfield><subfield code="0">(IDREF)026975386</subfield><subfield code="2">idref</subfield></datafield><datafield ind1=" " ind2="7" tag="655"><subfield code="a">DVD</subfield><subfield code="0">(IDREF)035108444</subfield><subfield code="2">idref</subfield></datafield><datafield ind1="1" ind2=" " tag="700"><subfield code="a">Zeyen, Patrick</subfield><subfield code="0">(RERO)A003998247</subfield></datafield><datafield ind1=" " ind2="0" tag="830"><subfield code="a">&lt;&lt;Un&gt;&gt; siècle d'écrivains</subfield><subfield code="v">129</subfield><subfield code="w">(RERO)1996978-41slsp</subfield></datafield></record>
</metadata></record>