<record><header><identifier>oai:alma.41SLSP_UGE:991000047519705502</identifier><datestamp>2023-03-01T01:09:20Z</datestamp><setSpec>uge_bcen_RapidILL_BOOK</setSpec><setSpec>uge_aaca_RapidILL_BOOK</setSpec><setSpec>uge_abels_RapidILL_BOOK</setSpec><setSpec>uge_dbu_RapidILL_BOOK</setSpec><setSpec>uge_cmu_RapidILL_BOOK</setSpec><setSpec>uge_mail_RapidILL_BOOK</setSpec><setSpec>UNIGE_ALL</setSpec><setSpec>uge_abbat_RapidILL_BOOK</setSpec><setSpec>uge_acar_RapidILL_BOOK</setSpec><setSpec>uge_aobs_RapidILL_BOOK</setSpec></header><metadata>
<record xmlns="http://www.loc.gov/MARC21/slim" xmlns:xsi="http://www.w3.org/2001/XMLSchema-instance" xsi:schemaLocation="http://www.loc.gov/MARC21/slim http://www.loc.gov/standards/marcxml/schema/MARC21slim.xsd"><leader>01133nam a2200289 c 4500</leader><controlfield tag="001">991000047519705502</controlfield><controlfield tag="005">20230205210238.0</controlfield><controlfield tag="008">000829s1965    sz ||||| |||| 00| ||fre d</controlfield><datafield ind1=" " ind2=" " tag="035"><subfield code="a">(swissbib)08054228X-41slsp_network</subfield></datafield><datafield ind1=" " ind2=" " tag="035"><subfield code="a">08054228X</subfield><subfield code="9">ExL</subfield></datafield><datafield ind1=" " ind2=" " tag="035"><subfield code="a">(RERO)0676724-41slsp</subfield></datafield><datafield ind1=" " ind2=" " tag="035"><subfield code="a">(EXLNZ-41SLSP_NETWORK)991135958949705501</subfield></datafield><datafield ind1=" " ind2=" " tag="040"><subfield code="a">RERO geulha</subfield><subfield code="d">CH-ZuSLS</subfield></datafield><datafield ind1=" " ind2="7" tag="072"><subfield code="a">ba</subfield><subfield code="2">rero</subfield></datafield><datafield ind1="0" ind2="0" tag="245"><subfield code="a">Trésors d'art en Suisse</subfield><subfield code="b">cent chefs-d'oeuvre, peintures, sculptures et objets d'art des colections publiques, privées et ecclésiastiques de Suisse</subfield><subfield code="c">choix et commentaires de Manuel Gasser, Willy Rotzler ; introd. de Christoph Bernoulli</subfield></datafield><datafield ind1=" " ind2="1" tag="264"><subfield code="a">Zurich</subfield><subfield code="b">Ed. Manesse</subfield><subfield code="c">[1965]</subfield></datafield><datafield ind1=" " ind2="4" tag="264"><subfield code="c">© 1965</subfield></datafield><datafield ind1=" " ind2=" " tag="300"><subfield code="a">239 p.</subfield><subfield code="b">ill.</subfield><subfield code="c">33 cm</subfield></datafield><datafield ind1=" " ind2=" " tag="336"><subfield code="b">txt</subfield><subfield code="2">rdacontent</subfield></datafield><datafield ind1=" " ind2=" " tag="337"><subfield code="b">n</subfield><subfield code="2">rdamedia</subfield></datafield><datafield ind1=" " ind2=" " tag="338"><subfield code="b">nc</subfield><subfield code="2">rdacarrier</subfield></datafield><datafield ind1=" " ind2="7" tag="650"><subfield code="a">collection</subfield><subfield code="0">(RERO)A009971137</subfield><subfield code="2">rerovoc</subfield></datafield><datafield ind1=" " ind2="7" tag="650"><subfield code="a">Musées</subfield><subfield code="0">(IDREF)02733001X</subfield><subfield code="2">idref</subfield></datafield><datafield ind1=" " ind2="7" tag="651"><subfield code="a">Suisse</subfield><subfield code="0">(IDREF)027249654</subfield><subfield code="2">idref</subfield></datafield><datafield ind1=" " ind2="7" tag="655"><subfield code="a">Anthologies</subfield><subfield code="0">(IDREF)027269493</subfield><subfield code="2">idref</subfield></datafield><datafield ind1="1" ind2=" " tag="700"><subfield code="a">Gasser, Manuel</subfield><subfield code="d">1909-1979</subfield><subfield code="0">(IDREF)079448313</subfield></datafield><datafield ind1="1" ind2=" " tag="700"><subfield code="a">Bernoulli, Christoph</subfield><subfield code="d">1897-1981</subfield><subfield code="0">(IDREF)152087265</subfield></datafield><datafield ind1=" " ind2=" " tag="900"><subfield code="a">REROnoselfmerge</subfield></datafield><datafield ind1=" " ind2=" " tag="993"><subfield code="a">BFLB 1839</subfield><subfield code="x">ge/ulha/a/86/86</subfield><subfield code="9">LOCAL</subfield></datafield></record>
</metadata></record>