<record><header><identifier>oai:alma.41SLSP_UGE:991000047639705502</identifier><datestamp>2024-09-11T00:12:08Z</datestamp><setSpec>uge_bcen_RapidILL_BOOK</setSpec><setSpec>uge_aaca_RapidILL_BOOK</setSpec><setSpec>uge_abels_RapidILL_BOOK</setSpec><setSpec>uge_dbu_RapidILL_BOOK</setSpec><setSpec>uge_cmu_RapidILL_BOOK</setSpec><setSpec>uge_mail_RapidILL_BOOK</setSpec><setSpec>uge_abbat_RapidILL_BOOK</setSpec><setSpec>UNIGE_ALL</setSpec><setSpec>uge_aobs_RapidILL_BOOK</setSpec><setSpec>uge_acar_RapidILL_BOOK</setSpec></header><metadata>
<record xmlns="http://www.loc.gov/MARC21/slim" xmlns:xsi="http://www.w3.org/2001/XMLSchema-instance" xsi:schemaLocation="http://www.loc.gov/MARC21/slim http://www.loc.gov/standards/marcxml/schema/MARC21slim.xsd"><leader>02583nam a2200673 c 4500</leader><controlfield tag="001">991000047639705502</controlfield><controlfield tag="005">20240910113058.0</controlfield><controlfield tag="008">201011s2016    nyu      b||| 001 0 eng| </controlfield><datafield ind1=" " ind2=" " tag="010"><subfield code="a">2016020960</subfield></datafield><datafield ind1=" " ind2=" " tag="020"><subfield code="a">9781107154797</subfield><subfield code="q">hardback</subfield></datafield><datafield ind1=" " ind2=" " tag="035"><subfield code="a">(swissbib)22850225X-41slsp_network</subfield></datafield><datafield ind1=" " ind2=" " tag="035"><subfield code="a">22850225X</subfield><subfield code="9">ExL</subfield></datafield><datafield ind1=" " ind2=" " tag="035"><subfield code="a">(NEBIS)010655500EBI01</subfield></datafield><datafield ind1=" " ind2=" " tag="035"><subfield code="a">(RERO)R008473448-41slsp</subfield></datafield><datafield ind1=" " ind2=" " tag="035"><subfield code="a">(IDSSG)000896302HSB01</subfield></datafield><datafield ind1=" " ind2=" " tag="035"><subfield code="a">(OCoLC)948335017</subfield></datafield><datafield ind1=" " ind2=" " tag="035"><subfield code="a">(EXLNZ-41SLSP_NETWORK)991012706659705501</subfield></datafield><datafield ind1=" " ind2=" " tag="040"><subfield code="a">DLC</subfield><subfield code="b">ger</subfield><subfield code="e">rda</subfield><subfield code="d">CH-ZuSLS</subfield></datafield><datafield ind1="0" ind2=" " tag="041"><subfield code="a">eng</subfield></datafield><datafield ind1=" " ind2=" " tag="042"><subfield code="a">pcc</subfield></datafield><datafield ind1="0" ind2="0" tag="050"><subfield code="a">K3165</subfield><subfield code="b">.A87 2016</subfield></datafield><datafield ind1=" " ind2="7" tag="072"><subfield code="a">dr</subfield><subfield code="2">rero</subfield></datafield><datafield ind1="0" ind2="0" tag="082"><subfield code="a">342</subfield><subfield code="2">23</subfield></datafield><datafield ind1=" " ind2=" " tag="084"><subfield code="a">ME 4100</subfield><subfield code="2">rvk</subfield></datafield><datafield ind1=" " ind2=" " tag="084"><subfield code="a">PL 620</subfield><subfield code="2">rvk</subfield></datafield><datafield ind1=" " ind2=" " tag="084"><subfield code="a">A 34 g</subfield><subfield code="2">cjurrom</subfield></datafield><datafield ind1=" " ind2=" " tag="084"><subfield code="a">A 34 e</subfield><subfield code="2">cjurrom</subfield></datafield><datafield ind1=" " ind2=" " tag="084"><subfield code="a">LAW018000</subfield><subfield code="2">bisacsh</subfield></datafield><datafield ind1="0" ind2="0" tag="245"><subfield code="a">Assessing constitutional performance</subfield><subfield code="c">edited by Tom Ginsburg, Aziz Z. Huq</subfield></datafield><datafield ind1=" " ind2="1" tag="264"><subfield code="a">Cambridge, United Kingdom</subfield><subfield code="b">Cambridge University Press</subfield><subfield code="c">2016</subfield></datafield><datafield ind1=" " ind2=" " tag="300"><subfield code="a">xiii, 431 Seiten</subfield><subfield code="b">Diagramme</subfield></datafield><datafield ind1=" " ind2=" " tag="336"><subfield code="b">txt</subfield><subfield code="2">rdacontent</subfield></datafield><datafield ind1=" " ind2=" " tag="337"><subfield code="b">n</subfield><subfield code="2">rdamedia</subfield></datafield><datafield ind1=" " ind2=" " tag="338"><subfield code="b">nc</subfield><subfield code="2">rdacarrier</subfield></datafield><datafield ind1="0" ind2=" " tag="490"><subfield code="a">Comparative constitutional law and policy</subfield></datafield><datafield ind1=" " ind2=" " tag="500"><subfield code="a">The conference was held in April 2015 on &quot;Assessing Constitutional Performance&quot;</subfield></datafield><datafield ind1=" " ind2=" " tag="504"><subfield code="a">Includes bibliographical references and index</subfield></datafield><datafield ind1=" " ind2="7" tag="650"><subfield code="a">Verfassung</subfield><subfield code="0">(DE-588)4062787-1</subfield><subfield code="2">gnd</subfield></datafield><datafield ind1=" " ind2="7" tag="650"><subfield code="a">Erfolg</subfield><subfield code="2">gnd</subfield><subfield code="0">(DE-588)4015224-8</subfield></datafield><datafield ind1=" " ind2="7" tag="650"><subfield code="a">Verfassungsrecht</subfield><subfield code="0">(DE-588)4062801-2</subfield><subfield code="2">gnd</subfield></datafield><datafield ind1=" " ind2="7" tag="650"><subfield code="a">Rechtsvergleich</subfield><subfield code="0">(DE-588)4115712-6</subfield><subfield code="2">gnd</subfield></datafield><datafield ind1=" " ind2="7" tag="650"><subfield code="a">Droit constitutionnel</subfield><subfield code="0">(IDREF)02726095X</subfield><subfield code="2">idref</subfield></datafield><datafield ind1=" " ind2="7" tag="650"><subfield code="a">Constitutions</subfield><subfield code="0">(IDREF)027359115</subfield><subfield code="2">idref</subfield></datafield><datafield ind1=" " ind2="7" tag="650"><subfield code="a">Évaluation</subfield><subfield code="0">(IDREF)027791513</subfield><subfield code="2">idref</subfield></datafield><datafield ind1=" " ind2="7" tag="650"><subfield code="a">Méthode comparative</subfield><subfield code="0">(IDREF)027796841</subfield><subfield code="2">idref</subfield></datafield><datafield ind1=" " ind2="0" tag="650"><subfield code="a">Constitutions</subfield></datafield><datafield ind1=" " ind2="0" tag="650"><subfield code="a">Constitutional history</subfield></datafield><datafield ind1=" " ind2="0" tag="650"><subfield code="a">Comparative law</subfield></datafield><datafield ind1=" " ind2="0" tag="650"><subfield code="a">Constitutional law</subfield></datafield><datafield ind1=" " ind2="7" tag="650"><subfield code="a">LAW / Constitutional</subfield><subfield code="2">bisacsh</subfield></datafield><datafield ind1=" " ind2="7" tag="655"><subfield code="a">Aufsatzsammlung</subfield><subfield code="2">gnd-content</subfield></datafield><datafield ind1=" " ind2="7" tag="655"><subfield code="a">[Études diverses]</subfield><subfield code="0">(RERO)A022249905</subfield><subfield code="2">rero</subfield></datafield><datafield ind1="1" ind2=" " tag="700"><subfield code="a">Ginsburg, Tom</subfield><subfield code="d">1967-</subfield><subfield code="6">880-02</subfield><subfield code="0">(DE-588)130302236</subfield><subfield code="e">Herausgeber</subfield><subfield code="4">edt</subfield></datafield><datafield ind1="1" ind2=" " tag="880"><subfield code="6">700-02</subfield><subfield code="a">Ginsburg, Tom</subfield><subfield code="d">1967-....</subfield><subfield code="0">(IDREF)077826973</subfield></datafield><datafield ind1="1" ind2=" " tag="700"><subfield code="a">Huq, Aziz Z.</subfield><subfield code="d">1974-</subfield><subfield code="0">(DE-588)101571272X</subfield></datafield><datafield ind1="0" ind2="8" tag="776"><subfield code="a">9781316608357</subfield><subfield code="i">paperback</subfield></datafield><datafield ind1="4" ind2=" " tag="856"><subfield code="3">Titelblatt und Inhaltsverzeichnis</subfield><subfield code="u">https://toc.library.ethz.ch/objects/pdf03/z01_978-1-107-15479-7_01.pdf</subfield><subfield code="q">pdf</subfield></datafield><datafield ind1=" " ind2=" " tag="900"><subfield code="a">IDSZ2zbzmon201712f</subfield><subfield code="c">IDSZ2maer</subfield><subfield code="d">IDSZ2zbzswk201801g</subfield><subfield code="e">IDSZ2bruu</subfield></datafield><datafield ind1=" " ind2=" " tag="900"><subfield code="a">REROnoselfmerge</subfield></datafield><datafield ind1=" " ind2=" " tag="949"><subfield code="a">https://toc.library.ethz.ch/objects/pdf03/z01_978-1-107-15479-7_01.pdf</subfield></datafield></record>
</metadata></record>