<record><header><identifier>oai:alma.41SLSP_UGE:991000047429705502</identifier><datestamp>2023-09-10T00:38:13Z</datestamp><setSpec>uge_bcen_RapidILL_BOOK</setSpec><setSpec>uge_aaca_RapidILL_BOOK</setSpec><setSpec>uge_abels_RapidILL_BOOK</setSpec><setSpec>uge_dbu_RapidILL_BOOK</setSpec><setSpec>uge_cmu_RapidILL_BOOK</setSpec><setSpec>uge_mail_RapidILL_BOOK</setSpec><setSpec>UNIGE_ALL</setSpec><setSpec>uge_abbat_RapidILL_BOOK</setSpec><setSpec>uge_aobs_RapidILL_BOOK</setSpec><setSpec>uge_acar_RapidILL_BOOK</setSpec></header><metadata>
<record xmlns="http://www.loc.gov/MARC21/slim" xmlns:xsi="http://www.w3.org/2001/XMLSchema-instance" xsi:schemaLocation="http://www.loc.gov/MARC21/slim http://www.loc.gov/standards/marcxml/schema/MARC21slim.xsd"><leader>03340nam a2200769 ca4500</leader><controlfield tag="001">991000047429705502</controlfield><controlfield tag="005">20230322155744.0</controlfield><controlfield tag="008">201011m20072008xxk           00| | eng|d</controlfield><datafield ind1=" " ind2=" " tag="015"><subfield code="a">GBA8E1971</subfield><subfield code="2">bnb</subfield></datafield><datafield ind1="7" ind2=" " tag="016"><subfield code="a">B3025-000378</subfield><subfield code="2">SzZuIDS</subfield></datafield><datafield ind1=" " ind2=" " tag="020"><subfield code="a">9781847183538</subfield><subfield code="q">Vol. 1</subfield></datafield><datafield ind1=" " ind2=" " tag="020"><subfield code="a">9781847183545</subfield><subfield code="q">Vol. 2</subfield></datafield><datafield ind1=" " ind2=" " tag="020"><subfield code="a">9781847184900</subfield><subfield code="q">Vol. 3</subfield></datafield><datafield ind1=" " ind2=" " tag="020"><subfield code="a">1847183549</subfield><subfield code="q">Vol. 2</subfield></datafield><datafield ind1=" " ind2=" " tag="020"><subfield code="a">1847183530</subfield><subfield code="q">Vol. 1</subfield></datafield><datafield ind1=" " ind2=" " tag="020"><subfield code="a">1847184901</subfield><subfield code="q">Vol. 3</subfield></datafield><datafield ind1=" " ind2=" " tag="035"><subfield code="a">(swissbib)224568612-41slsp_network</subfield></datafield><datafield ind1=" " ind2=" " tag="035"><subfield code="a">224568612</subfield><subfield code="9">ExL</subfield></datafield><datafield ind1=" " ind2=" " tag="035"><subfield code="a">(IDSBB)004811214DSV01</subfield></datafield><datafield ind1=" " ind2=" " tag="035"><subfield code="a">(RERO)R004654681-41slsp</subfield></datafield><datafield ind1=" " ind2=" " tag="035"><subfield code="a">(NEBIS)005761566EBI01</subfield></datafield><datafield ind1=" " ind2=" " tag="035"><subfield code="a">(OCoLC)228859135</subfield><subfield code="z">(OCoLC)191245029</subfield><subfield code="z">(OCoLC)213479218</subfield></datafield><datafield ind1=" " ind2=" " tag="035"><subfield code="a">(EXLNZ-41SLSP_NETWORK)991074322069705501</subfield></datafield><datafield ind1=" " ind2=" " tag="040"><subfield code="a">GSU</subfield><subfield code="e">kids</subfield><subfield code="d">CH-ZuSLS</subfield></datafield><datafield ind1="1" ind2=" " tag="041"><subfield code="a">eng</subfield><subfield code="a">lat</subfield><subfield code="h">lat</subfield></datafield><datafield ind1=" " ind2=" " tag="050"><subfield code="a">PA6697</subfield><subfield code="b">.A4 2007</subfield></datafield><datafield ind1="1" ind2=" " tag="080"><subfield code="a">871STAT3</subfield></datafield><datafield ind1="7" ind2="4" tag="082"><subfield code="a">870</subfield><subfield code="2">23sdnb</subfield></datafield><datafield ind1="0" ind2="4" tag="082"><subfield code="a">873.01</subfield><subfield code="2">22</subfield></datafield><datafield ind1="0" ind2="4" tag="082"><subfield code="a">871.01</subfield></datafield><datafield ind1="1" ind2=" " tag="100"><subfield code="a">Statius, Publius Papinius</subfield><subfield code="d">45-96</subfield><subfield code="6">880-01</subfield><subfield code="0">(DE-588)118798502</subfield></datafield><datafield ind1="1" ind2=" " tag="880"><subfield code="6">100-01</subfield><subfield code="a">Stace</subfield><subfield code="d">0040?-0096</subfield><subfield code="0">(IDREF)028491254</subfield><subfield code="4">aut</subfield></datafield><datafield ind1="1" ind2="0" tag="240"><subfield code="a">Thebais</subfield></datafield><datafield ind1="1" ind2="0" tag="245"><subfield code="a">'Thebaid' and 'Achilleid'</subfield><subfield code="c">P. Papinius Statius; ed by  J.B.Hall in collab. with A.L. Ritchie ... [et al.], translated by A.L. Ritchie ... [et al.] in collab. with M.J. Edwards</subfield></datafield><datafield ind1=" " ind2="1" tag="264"><subfield code="a">Newcastle</subfield><subfield code="b">Cambridge Scholars Publishing</subfield><subfield code="c">2007-2008</subfield></datafield><datafield ind1=" " ind2=" " tag="300"><subfield code="a">3 volumes (xxxviii, 441 ; viii, 292 ; 774 pages)</subfield></datafield><datafield ind1=" " ind2=" " tag="336"><subfield code="b">txt</subfield><subfield code="2">rdacontent</subfield></datafield><datafield ind1=" " ind2=" " tag="337"><subfield code="b">n</subfield><subfield code="2">rdamedia</subfield></datafield><datafield ind1=" " ind2=" " tag="338"><subfield code="b">nc</subfield><subfield code="2">rdacarrier</subfield></datafield><datafield ind1="1" ind2=" " tag="490"><subfield code="a">P. Papinius Statius</subfield><subfield code="v">1-3</subfield></datafield><datafield ind1=" " ind2=" " tag="500"><subfield code="a">Originaltitel: Thebaidos</subfield></datafield><datafield ind1=" " ind2=" " tag="500"><subfield code="a">Originaltitel: Achilleidos</subfield></datafield><datafield ind1=" " ind2=" " tag="504"><subfield code="a">Includes bibliographical references and index</subfield></datafield><datafield ind1="0" ind2="0" tag="505"><subfield code="g">Vol. 1</subfield><subfield code="t">[Text]</subfield><subfield code="r">ed. by J.B. Hall in collab. with A.L. Ritchie ... [et al.]</subfield></datafield><datafield ind1="0" ind2="0" tag="505"><subfield code="g">Vol. 2</subfield><subfield code="t">[Translation]</subfield><subfield code="r">transl. by A.L. Ritchie ... [et al.] in collab. with M.J. Edwards</subfield></datafield><datafield ind1="0" ind2="0" tag="505"><subfield code="g">Vol. 3</subfield><subfield code="r">by J.B. Hall in collab. with A.L. Ritchie ... [et al.]</subfield></datafield><datafield ind1="1" ind2="7" tag="600"><subfield code="a">Statius, Publius Papinius</subfield><subfield code="d">45-96</subfield><subfield code="t">Achilleis</subfield><subfield code="0">(DE-588)4301713-7</subfield><subfield code="2">gnd</subfield></datafield><datafield ind1="1" ind2="7" tag="600"><subfield code="a">Statius, Publius Papinius</subfield><subfield code="d">45-96</subfield><subfield code="t">Thebais</subfield><subfield code="0">(DE-588)4269044-4</subfield><subfield code="2">gnd</subfield></datafield><datafield ind1="0" ind2="0" tag="600"><subfield code="a">Achilles</subfield><subfield code="c">Mythological character</subfield><subfield code="v">Poetry</subfield></datafield><datafield ind1="0" ind2="0" tag="600"><subfield code="a">Eteocles</subfield><subfield code="c">King of Thebes (Mythological character</subfield><subfield code="v">Poetry</subfield></datafield><datafield ind1="0" ind2="0" tag="600"><subfield code="a">Polynices</subfield><subfield code="c">Greek mythological figure</subfield><subfield code="v">Poetry</subfield></datafield><datafield ind1="1" ind2="0" tag="600"><subfield code="a">Statius, P. Papinius</subfield><subfield code="q">Publius Papinius</subfield><subfield code="t">Thebais</subfield></datafield><datafield ind1=" " ind2="0" tag="650"><subfield code="a">Seven against Thebes (Greek mythology)</subfield><subfield code="v">Poetry</subfield></datafield><datafield ind1=" " ind2="0" tag="650"><subfield code="a">Epic poetry, Latin</subfield><subfield code="v">Translations into English</subfield></datafield><datafield ind1=" " ind2="7" tag="650"><subfield code="a">Epos</subfield><subfield code="2">idszbz</subfield></datafield><datafield ind1=" " ind2="7" tag="650"><subfield code="a">Latein</subfield><subfield code="2">idszbz</subfield></datafield><datafield ind1=" " ind2="0" tag="650"><subfield code="a">Sibling rivalry</subfield><subfield code="v">Poetry</subfield></datafield><datafield ind1=" " ind2="0" tag="651"><subfield code="a">Thebes (Greece)</subfield><subfield code="v">Poetry</subfield></datafield><datafield ind1=" " ind2="7" tag="655"><subfield code="a">Ausgabe</subfield><subfield code="2">idszbz</subfield></datafield><datafield ind1="1" ind2=" " tag="700"><subfield code="a">Hall, John Barrie</subfield><subfield code="d">1937-....</subfield><subfield code="0">(IDREF)028578481</subfield><subfield code="4">aut</subfield><subfield code="4">edt</subfield><subfield code="4">trl</subfield></datafield><datafield ind1="1" ind2=" " tag="700"><subfield code="6">880-02</subfield><subfield code="a">Edwards, Mark</subfield><subfield code="d">1962-</subfield><subfield code="0">(DE-588)124305768</subfield></datafield><datafield ind1="1" ind2=" " tag="880"><subfield code="6">700-02/(B</subfield><subfield code="a">Edwards, Mark Julian</subfield><subfield code="d">1962-....</subfield><subfield code="0">(IDREF)050215396</subfield><subfield code="4">ctb</subfield></datafield><datafield ind1="1" ind2=" " tag="700"><subfield code="a">Ritchie, Annabel Louise</subfield><subfield code="d">1944-2019</subfield><subfield code="0">(IDREF)266512224</subfield><subfield code="4">trl</subfield><subfield code="4">ctb</subfield></datafield><datafield ind1=" " ind2="0" tag="830"><subfield code="a">P. Papinius Statius</subfield><subfield code="v">1-3</subfield><subfield code="w">991171156475105501</subfield></datafield><datafield ind1="4" ind2=" " tag="856"><subfield code="3">Titelblatt und Inhaltsverzeichnis</subfield><subfield code="u">https://toc.library.ethz.ch/objects/pdf/z01_978-1-84718-353-8_01.pdf</subfield><subfield code="q">pdf</subfield></datafield><datafield ind1=" " ind2=" " tag="900"><subfield code="a">REROnoselfmerge</subfield></datafield><datafield ind1=" " ind2=" " tag="900"><subfield code="a">IDSZ2zbzmon200904f</subfield><subfield code="c">IDSZ2engl</subfield><subfield code="d">IDSZ2zbzswk200907b</subfield><subfield code="e">IDSZ2seid</subfield></datafield><datafield ind1=" " ind2=" " tag="949"><subfield code="a">https://toc.library.ethz.ch/objects/pdf/z01_978-1-84718-353-8_01.pdf</subfield></datafield></record>
</metadata></record>