<record><header><identifier>oai:alma.41SLSP_UGE:991000048059705502</identifier><datestamp>2023-06-20T00:18:52Z</datestamp><setSpec>uge_bcen_RapidILL_BOOK</setSpec><setSpec>uge_aaca_RapidILL_BOOK</setSpec><setSpec>uge_abels_RapidILL_BOOK</setSpec><setSpec>uge_dbu_RapidILL_BOOK</setSpec><setSpec>uge_cmu_RapidILL_BOOK</setSpec><setSpec>uge_mail_RapidILL_BOOK</setSpec><setSpec>uge_abbat_RapidILL_BOOK</setSpec><setSpec>UNIGE_ALL</setSpec><setSpec>uge_acar_RapidILL_BOOK</setSpec><setSpec>uge_aobs_RapidILL_BOOK</setSpec></header><metadata>
<record xmlns="http://www.loc.gov/MARC21/slim" xmlns:xsi="http://www.w3.org/2001/XMLSchema-instance" xsi:schemaLocation="http://www.loc.gov/MARC21/slim http://www.loc.gov/standards/marcxml/schema/MARC21slim.xsd"><leader>06498nam a2200685 c 4500</leader><controlfield tag="001">991000048059705502</controlfield><controlfield tag="005">20230619201514.0</controlfield><controlfield tag="008">201011s2016    xxu|||||      00| ||eng d</controlfield><datafield ind1=" " ind2=" " tag="020"><subfield code="a">9781597181501</subfield><subfield code="z">1597181501</subfield></datafield><datafield ind1=" " ind2=" " tag="020"><subfield code="a">9781597181501</subfield><subfield code="q">pbk.</subfield></datafield><datafield ind1=" " ind2=" " tag="020"><subfield code="a">1597181501</subfield><subfield code="q">pbk.</subfield></datafield><datafield ind1=" " ind2=" " tag="035"><subfield code="a">(swissbib)217760279-41slsp_network</subfield></datafield><datafield ind1=" " ind2=" " tag="035"><subfield code="a">217760279</subfield><subfield code="9">ExL</subfield></datafield><datafield ind1=" " ind2=" " tag="035"><subfield code="a">(IDSBB)006479676DSV01</subfield></datafield><datafield ind1=" " ind2=" " tag="035"><subfield code="a">(NEBIS)010581328EBI01</subfield></datafield><datafield ind1=" " ind2=" " tag="035"><subfield code="a">(IDSSG)000854140HSB01</subfield></datafield><datafield ind1=" " ind2=" " tag="035"><subfield code="a">(RERO)R008617696-41slsp</subfield></datafield><datafield ind1=" " ind2=" " tag="035"><subfield code="a">(EXLNZ-41SLSP_NETWORK)991090649119705501</subfield></datafield><datafield ind1=" " ind2=" " tag="040"><subfield code="a">SzZuIDS BS/BE B569</subfield><subfield code="b">ger</subfield><subfield code="e">rda</subfield><subfield code="d">CH-ZuSLS</subfield></datafield><datafield ind1=" " ind2="0" tag="050"><subfield code="a">HA32</subfield><subfield code="b">.B39 2016</subfield></datafield><datafield ind1=" " ind2="7" tag="072"><subfield code="a">bw</subfield><subfield code="2">SzZuIDS BS/BE</subfield></datafield><datafield ind1=" " ind2="7" tag="072"><subfield code="a">in</subfield><subfield code="2">rero</subfield></datafield><datafield ind1="0" ind2="4" tag="082"><subfield code="a">519.5028553</subfield><subfield code="2">23</subfield></datafield><datafield ind1="1" ind2="4" tag="082"><subfield code="a">300</subfield><subfield code="2">15</subfield></datafield><datafield ind1="1" ind2="4" tag="082"><subfield code="a">320</subfield><subfield code="2">15</subfield></datafield><datafield ind1="1" ind2="4" tag="082"><subfield code="a">330</subfield><subfield code="2">15</subfield></datafield><datafield ind1="1" ind2="4" tag="082"><subfield code="a">004</subfield><subfield code="2">15</subfield></datafield><datafield ind1=" " ind2=" " tag="084"><subfield code="a">ST 601</subfield><subfield code="2">rvk</subfield></datafield><datafield ind1=" " ind2=" " tag="084"><subfield code="a">CM 2500</subfield><subfield code="2">rvk</subfield></datafield><datafield ind1="1" ind2=" " tag="100"><subfield code="a">Baum, Christopher F.</subfield><subfield code="d">1951-</subfield><subfield code="0">(DE-588)128792612</subfield><subfield code="4">aut</subfield><subfield code="6">880-01</subfield></datafield><datafield ind1="1" ind2=" " tag="880"><subfield code="6">100-01</subfield><subfield code="a">Baum, Christopher F.</subfield><subfield code="0">(IDREF)112877877</subfield><subfield code="4">cre</subfield></datafield><datafield ind1="1" ind2="0" tag="245"><subfield code="a">&lt;&lt;An&gt;&gt; introduction to stata programming</subfield><subfield code="c">Christopher F. Baum, Department of Economics and School of Social Work, Boston College</subfield></datafield><datafield ind1=" " ind2=" " tag="250"><subfield code="a">Second edition</subfield></datafield><datafield ind1=" " ind2="1" tag="264"><subfield code="a">College Station, Texas</subfield><subfield code="b">Stata Press</subfield><subfield code="c">2016</subfield></datafield><datafield ind1=" " ind2=" " tag="300"><subfield code="a">xxii, 412 Seiten</subfield><subfield code="b">Diagramme</subfield></datafield><datafield ind1=" " ind2=" " tag="336"><subfield code="b">txt</subfield><subfield code="2">rdacontent</subfield></datafield><datafield ind1=" " ind2=" " tag="337"><subfield code="b">n</subfield><subfield code="2">rdamedia</subfield></datafield><datafield ind1=" " ind2=" " tag="338"><subfield code="b">nc</subfield><subfield code="2">rdacarrier</subfield></datafield><datafield ind1=" " ind2=" " tag="504"><subfield code="a">Includes bibliographical references (pages 397-402) and indexes</subfield></datafield><datafield ind1="8" ind2=" " tag="520"><subfield code="a">&quot;The second edition of this book contains several new recipes illustrating how do-files, ado-files, and Mata functions can be used to solve programming problems. Several recipes have also been updated to reflect new features in Stata added between versions 10 and 14. The discussion of maximum-likelihood function evaluators has been significantly expanded in this edition. The new topics covered in this edition include factor variables and operatores ; use of margins, marginsplot, and suest ; Mata-based likelihood function evaluators ; and associative arrays.&quot;--Preface</subfield></datafield><datafield ind1="0" ind2="0" tag="630"><subfield code="a">Stata</subfield><subfield code="v">Handbooks, manuals, etc</subfield></datafield><datafield ind1="0" ind2="7" tag="630"><subfield code="a">Stata (logiciel)</subfield><subfield code="0">(RERO)A021068116</subfield><subfield code="2">rero</subfield></datafield><datafield ind1=" " ind2="7" tag="650"><subfield code="a">Datenanalyse</subfield><subfield code="0">(DE-588)4123037-1</subfield><subfield code="2">gnd</subfield></datafield><datafield ind1=" " ind2="7" tag="650"><subfield code="a">Programmierung</subfield><subfield code="0">(DE-588)4076370-5</subfield><subfield code="2">gnd</subfield></datafield><datafield ind1=" " ind2="7" tag="650"><subfield code="a">Dateisystem</subfield><subfield code="0">(DE-588)4464537-5</subfield><subfield code="2">gnd</subfield></datafield><datafield ind1=" " ind2="0" tag="650"><subfield code="a">Social sciences</subfield><subfield code="x">Statistical methods</subfield><subfield code="x">Computer programs</subfield></datafield><datafield ind1=" " ind2="0" tag="650"><subfield code="a">Statistics</subfield><subfield code="x">Computer programs</subfield><subfield code="v">Handbooks, manuals, etc</subfield></datafield><datafield ind1=" " ind2="7" tag="650"><subfield code="a">Stata</subfield><subfield code="0">(DE-588)4617285-3</subfield><subfield code="2">gnd</subfield></datafield><datafield ind1=" " ind2="7" tag="650"><subfield code="a">Ökonometrie</subfield><subfield code="0">(DE-588)4132280-0</subfield><subfield code="2">gnd</subfield></datafield><datafield ind1=" " ind2="7" tag="650"><subfield code="a">Méthodes statistiques</subfield><subfield code="0">(IDREF)027545555</subfield><subfield code="2">idref</subfield></datafield><datafield ind1=" " ind2="7" tag="655"><subfield code="a">Einführung</subfield><subfield code="2">gnd-content</subfield></datafield><datafield ind1=" " ind2="7" tag="655"><subfield code="a">Manuels d'enseignement</subfield><subfield code="0">(IDREF)027446514</subfield><subfield code="2">idref</subfield></datafield><datafield ind1=" " ind2=" " tag="690"><subfield code="a">Datendatei; Befehlszeile; Variable; Schätzung; Mittelwert; Beobachtung; Computing; Do; Produktion; Index; Berechnung; Unterprogramm; Matrix; Datensatz; Array; Merkmal; Automatisieren; Import; Validierung; Kombination; Tabellenwerk</subfield><subfield code="2">idssg-J</subfield></datafield><datafield ind1=" " ind2=" " tag="690"><subfield code="a">Gruppenmerkmal; Zeitreihendaten; Act; Ausgabedatei; Faktorvariable; Graphikdatei; Indikatorvariable; Stringvariable; Tagesdaten; Textdatei; Datenvalidierung; Fileprogrammierung; Makrofunktion; Maximumlikelihoodschätzung; Schnittstellenfunktion; Stringkonvertierung; Dateibefehl; Datenmanagementbefehl; Präfixbefehl; Zusammenführungsbefehl; Fehlerbehandlung; Likelihoodfunktion; Makrolistenfunktion; Programmanweisung; Programmoption; Abbildungsverzeichnis; Arbeitsverzeichnis; Feldeinheit; Funktionsprogramm; Gleichheitsbedingung; Klasseprogramm; Präsentationsqualität; Publikationsqualität; Datentype; Datenzugriff; Erstelle; Gratisformat; Klappmesser; Kochbuch; Matrixelement; Monatsstatistik; Objektbibliothek; Paketformat; Postfile; Programmeigenschaft; Programmierstil; Regressionsschätzer; Sachregister; Tageskalender; Teilmenge; Uhrzeit; Unteransicht; Untergruppe</subfield><subfield code="2">idssg-J</subfield></datafield><datafield ind1=" " ind2=" " tag="690"><subfield code="a">diskrete Variable; relationaler Operator; aktuelles Arbeitsverzeichnis; aktuelles Profil; allgemeine Programmierung; anderer Präfixbefehl; anderer Datenmanagementbefehl; anderes Paketformat; assoziativer Array; bedingte Anweisung; berechnetes Ergebnis; einheimisch Globals; einzige Befehlszeile; elementares Konzept; elementares Werkzeug; erforderliche Software; erstes Prinzip; erweiterte Makrofunktion; erweiterte Makrolistenfunktion; fehlende Datenverarbeitung; fehlender Wert; feste Effekten; festes Format; geschätztes Ergebnis; gespeichertes Daten; gespeichertes Ergebnis; gespeicherte Schätzung; gleitendes Fenster; globaler Makro; grafische Darstellung; gutes Tool; hilfreich Stata; kontinuierlicher Preis; kontinuierliche Variable; langer Zauberspruch; logischer Operator; logischer Zustand; lokaler Makro; marginaler Effekt; niedrige Frequenz; nächster Nachbar; nützliche Sammlung; offiziell Egen; organisatorische Frage; präfixe Liste; präfixe Schleife; rollendes Präfix; separater Befehl; soziale Arbeit; temporäres Objekt; unternehmensebene Korrelation; unterschiedlicher Wert; unzusammenhängender Regressionsschätzer; weiteres Thema; wichtiges Verzeichnis; zeilenweise Berechnung; zusammenfassende Statistik; zusätzlich Mata; zweite Ausgabe</subfield><subfield code="2">idssg-J</subfield></datafield><datafield ind1=" " ind2=" " tag="690"><subfield code="a">Vereinigte Staaten C1USA; Texas C1USA</subfield><subfield code="2">idssg-J</subfield></datafield><datafield ind1=" " ind2=" " tag="690"><subfield code="a">Ado Datei Programmierung; Aufruf Mata Funktionen; Automatisierung Schätzung Ausgang; Beispiel Matrix Operationen; Christopher BAUM; College Station Texas Abbildungsverzeichnis; Computing Unternehmensebene Korrelationen; Datei Programmierung Präfixe Schleifen; Datei Programmierung Weitere Themen; Datei Ado Dateien; Do Datei Programmierung; Do Datei Programmierung Funktionen; Do Datei Programmierung Validierung; einheimisch Globals Skalare; Erscheinungs Stata Corp; fest Format Datendateien; Generieren Publikationsqualität Tabellen; Kochbuch Ado Datei Programmierung; Kochbuch Do Datei Programmierung; Kochbuch Mata Funktion Programmierung; Kompilieren Mata Funktionen; Mata Erste Prinzipien; Mata Schleife Befehle; Matabasierte LikelihoodFunktion Gutachter; Permutation Vektor Resultate; sozial Arbeit Boston College; Stata Ado File Programmierstil; Stata DoFile; Stata Programmierung Zweite Ausgabe; Stata Variablen Attribute</subfield><subfield code="2">idssg-J</subfield></datafield><datafield ind1="4" ind2=" " tag="856"><subfield code="3">Titelblatt und Inhaltsverzeichnis</subfield><subfield code="u">https://toc.library.ethz.ch/objects/pdf03/z01_978-1-59718-150-1_01.pdf</subfield><subfield code="q">pdf</subfield></datafield><datafield ind1=" " ind2=" " tag="900"><subfield code="a">Stoppsignal FRED</subfield></datafield><datafield ind1=" " ind2=" " tag="900"><subfield code="a">IDSZ2zbzmon201702l</subfield><subfield code="c">IDSZ2maer</subfield><subfield code="d">IDSZ2zbzswk201703g</subfield><subfield code="e">IDSZ2tschu</subfield></datafield><datafield ind1=" " ind2=" " tag="949"><subfield code="a">https://toc.library.ethz.ch/objects/pdf03/z01_978-1-59718-150-1_01.pdf</subfield></datafield></record>
</metadata></record>