<record><header><identifier>oai:alma.41SLSP_UGE:991000048049705502</identifier><datestamp>2023-03-01T01:09:20Z</datestamp><setSpec>UNIGE_ALL</setSpec></header><metadata>
<record xmlns="http://www.loc.gov/MARC21/slim" xmlns:xsi="http://www.w3.org/2001/XMLSchema-instance" xsi:schemaLocation="http://www.loc.gov/MARC21/slim http://www.loc.gov/standards/marcxml/schema/MARC21slim.xsd"><leader>01831njm a22003017c 4500</leader><controlfield tag="001">991000048049705502</controlfield><controlfield tag="005">20201222193639.0</controlfield><controlfield tag="007">sd b||||||||||</controlfield><controlfield tag="008">110122nuuuuuuuuxx ||n |            eng d</controlfield><datafield ind1="0" ind2="2" tag="028"><subfield code="a">Philips 6747 170</subfield></datafield><datafield ind1=" " ind2=" " tag="035"><subfield code="a">(swissbib)113567774-41slsp_network</subfield></datafield><datafield ind1=" " ind2=" " tag="035"><subfield code="a">113567774</subfield><subfield code="9">ExL</subfield></datafield><datafield ind1=" " ind2=" " tag="035"><subfield code="a">(RERO)R006022184-41slsp</subfield></datafield><datafield ind1=" " ind2=" " tag="035"><subfield code="a">(EXLNZ-41SLSP_NETWORK)991022877249705501</subfield></datafield><datafield ind1=" " ind2=" " tag="040"><subfield code="a">RERO geulmu</subfield><subfield code="d">CH-ZuSLS</subfield></datafield><datafield ind1="0" ind2=" " tag="041"><subfield code="a">ger</subfield><subfield code="a">eng</subfield><subfield code="a">fre</subfield></datafield><datafield ind1=" " ind2="7" tag="072"><subfield code="a">mu</subfield><subfield code="2">rero</subfield></datafield><datafield ind1="1" ind2=" " tag="100"><subfield code="a">Haydn, Joseph</subfield><subfield code="d">1732-1809</subfield><subfield code="0">(IDREF)030260868</subfield><subfield code="4">cre</subfield></datafield><datafield ind1="1" ind2="0" tag="245"><subfield code="a">17 grandes symphonies d'Esterháza</subfield><subfield code="b">= 17 grosse Esterháza Sinfonien = 17 great Esterháza symphonies (62-81)</subfield><subfield code="c">Joseph Haydn</subfield></datafield><datafield ind1=" " ind2=" " tag="300"><subfield code="a">9 disques sonores</subfield><subfield code="b">33 t.</subfield></datafield><datafield ind1=" " ind2=" " tag="336"><subfield code="b">prm</subfield><subfield code="2">rdacontent</subfield></datafield><datafield ind1=" " ind2=" " tag="337"><subfield code="b">s</subfield><subfield code="2">rdamedia</subfield></datafield><datafield ind1=" " ind2=" " tag="338"><subfield code="b">sd</subfield><subfield code="2">rdacarrier</subfield></datafield><datafield ind1=" " ind2=" " tag="500"><subfield code="a">Formation: orchestre symphonique</subfield></datafield><datafield ind1=" " ind2=" " tag="500"><subfield code="a">Tonalité: Ré majeur ; Do majeur ; Ut majeur ; Si bémol majeur ; Fa majeur ; Mi bémol majeur ; Do mineur ; Ut mineur ; Sol majeur ; Ré mineur</subfield></datafield><datafield ind1="0" ind2=" " tag="505"><subfield code="a">[Symphonies. Hob. I:75. Ré majeur] ; [Symphonies. Hob. I:78. Do mineur] ; [L'infedeltà delusa (ouverture). Hob. XXVIII : 5] ; [Symphonies. Hob. I:81. Sol majeur] ; [Symphonies. Hob. I:79. Fa majeur] ; [Symphonies. Hob. I:77. Si bémol majeur] ; [Symphonies. Hob. I:76. Mi bémol majeur] ; [Symphonies. Hob. I:73. Ré majeur] ; [Symphonies. Hob. I:71. Si bémol majeur] ; [Symphonies. Hob. I:70. Ré majeur] ; [Symphonies. Hob. I:62. Ré majeur] ; [Symphonies. Hob. I:69. Do majeur] ; [Symphonies. Hob. I:63a/b. Do majeur] ; [Symphonies. Hob. I:67. Fa majeur] ; [Symphonies. Hob. I:66. Si bémol majeur] ; [Symphonies. Hob. I:74. Mi bémol majeur] ; [Symphonies. Hob. I:80. Ré mineur]</subfield></datafield><datafield ind1="1" ind2=" " tag="700"><subfield code="a">Almeida, Antonio de</subfield><subfield code="d">1928-1997</subfield><subfield code="0">(RERO)A012325358</subfield></datafield><datafield ind1="2" ind2=" " tag="710"><subfield code="a">Haydn Foundation de Rome</subfield><subfield code="b">Orchestra</subfield><subfield code="0">(RERO)A018835887</subfield></datafield><datafield ind1=" " ind2=" " tag="900"><subfield code="a">REROnoselfmerge</subfield></datafield><datafield ind1=" " ind2=" " tag="960"><subfield code="2">matmu</subfield><subfield code="a">Classicisme ; XVIIIe ; Symphonies</subfield><subfield code="9">LOCAL</subfield></datafield></record>
</metadata></record>