<record><header><identifier>oai:alma.41SLSP_UGE:991000047529705502</identifier><datestamp>2023-03-29T00:16:01Z</datestamp><setSpec>uge_bcen_RapidILL_BOOK</setSpec><setSpec>uge_aaca_RapidILL_BOOK</setSpec><setSpec>uge_abels_RapidILL_BOOK</setSpec><setSpec>uge_dbu_RapidILL_BOOK</setSpec><setSpec>uge_cmu_RapidILL_BOOK</setSpec><setSpec>uge_mail_RapidILL_BOOK</setSpec><setSpec>uge_abbat_RapidILL_BOOK</setSpec><setSpec>UNIGE_ALL</setSpec><setSpec>uge_acar_RapidILL_BOOK</setSpec><setSpec>uge_aobs_RapidILL_BOOK</setSpec></header><metadata>
<record xmlns="http://www.loc.gov/MARC21/slim" xmlns:xsi="http://www.w3.org/2001/XMLSchema-instance" xsi:schemaLocation="http://www.loc.gov/MARC21/slim http://www.loc.gov/standards/marcxml/schema/MARC21slim.xsd"><leader>04270nam a2200373 c 4500</leader><controlfield tag="001">991000047529705502</controlfield><controlfield tag="005">20230328214657.0</controlfield><controlfield tag="008">950105s1980    ru ||||| |||| 00| ||rus d</controlfield><datafield ind1=" " ind2=" " tag="035"><subfield code="a">(swissbib)089511794-41slsp_network</subfield></datafield><datafield ind1=" " ind2=" " tag="035"><subfield code="a">089511794</subfield><subfield code="9">ExL</subfield></datafield><datafield ind1=" " ind2=" " tag="035"><subfield code="a">(RERO)1959490-41slsp</subfield></datafield><datafield ind1=" " ind2=" " tag="035"><subfield code="a">(EXLNZ-41SLSP_NETWORK)991065349619705501</subfield></datafield><datafield ind1=" " ind2=" " tag="040"><subfield code="a">RERO geulhg</subfield><subfield code="d">CH-ZuSLS</subfield></datafield><datafield ind1=" " ind2="7" tag="072"><subfield code="a">ht</subfield><subfield code="2">rero</subfield></datafield><datafield ind1="0" ind2="0" tag="245"><subfield code="6">880-01</subfield><subfield code="a">Ocherki istorii sovetskogo iskusstva</subfield><subfield code="b">arkhitektura, zhivopisʹ, skulʹptura, grafika</subfield><subfield code="c">[P. A. Pavlov... [et al.] ; Vsesoi︠u︡znyĭ nauchno-issledovatelʹskiĭ institut iskusstvoznanii︠a︡ Ministerstva kulʹtury SSSR]</subfield></datafield><datafield ind1="0" ind2="0" tag="880"><subfield code="6">245-01/(N</subfield><subfield code="a">Очерки истории советского искусства</subfield><subfield code="b">архитектура, живопись, скульптура, графика</subfield><subfield code="c">[П. А. Павлов... [et al.] ; Всесоюзнвй научно-исследовательский институт искусствознания Министерства культуры СССР]</subfield></datafield><datafield ind1="1" ind2=" " tag="246"><subfield code="a">Očerki istorii sovetskogo iskusstva</subfield><subfield code="b">architektura, živopisʹ, skulʹptura, grafika / [P. A. Pavlov... [et al.] ; Vsesojuznyj naučno-issledovatelʹskij institut iskusstvoznanija Ministerstva kulʹtury SSSR]</subfield></datafield><datafield ind1=" " ind2="1" tag="264"><subfield code="6">880-02</subfield><subfield code="a">Moskva</subfield><subfield code="b">Sovetskij chudožnik</subfield><subfield code="c">1980</subfield></datafield><datafield ind1=" " ind2="1" tag="880"><subfield code="6">264-02/(N</subfield><subfield code="a">Москва</subfield><subfield code="b">Советский художник</subfield><subfield code="c">1980</subfield></datafield><datafield ind1=" " ind2=" " tag="300"><subfield code="a">263 p.</subfield><subfield code="b">ill.</subfield><subfield code="c">25 cm</subfield></datafield><datafield ind1=" " ind2=" " tag="336"><subfield code="b">txt</subfield><subfield code="2">rdacontent</subfield></datafield><datafield ind1=" " ind2=" " tag="337"><subfield code="b">n</subfield><subfield code="2">rdamedia</subfield></datafield><datafield ind1=" " ind2=" " tag="338"><subfield code="b">nc</subfield><subfield code="2">rdacarrier</subfield></datafield><datafield ind1=" " ind2="7" tag="650"><subfield code="a">Peinture russe</subfield><subfield code="0">(IDREF)077072383</subfield><subfield code="2">idref</subfield></datafield><datafield ind1=" " ind2="7" tag="650"><subfield code="a">1917-1980</subfield><subfield code="2">rero</subfield></datafield><datafield ind1=" " ind2="7" tag="650"><subfield code="a">Arts graphiques</subfield><subfield code="0">(IDREF)027229076</subfield><subfield code="2">idref</subfield></datafield><datafield ind1=" " ind2="7" tag="650"><subfield code="a">Architecture russe</subfield><subfield code="0">(RERO)A023830775</subfield><subfield code="2">rero</subfield></datafield><datafield ind1=" " ind2="7" tag="650"><subfield code="a">Sculpture russe</subfield><subfield code="0">(RERO)A027726891</subfield><subfield code="2">rero</subfield></datafield><datafield ind1=" " ind2="7" tag="651"><subfield code="a">URSS</subfield><subfield code="0">(IDREF)027332519</subfield><subfield code="2">idref</subfield></datafield><datafield ind1="1" ind2=" " tag="700"><subfield code="6">880-03</subfield><subfield code="a">Pavlov, Platon Aleksandrovich</subfield><subfield code="0">(IDREF)111502179</subfield></datafield><datafield ind1="1" ind2=" " tag="880"><subfield code="6">700-03/(N</subfield><subfield code="a">Павлов, П. А</subfield></datafield><datafield ind1="2" ind2=" " tag="710"><subfield code="6">880-04</subfield><subfield code="a">SSSR (Soi︠u︡z Sovetskikh Sot︠s︡ialisticheskikh Respublik)</subfield><subfield code="b">Vsesoi︠u︡znyĭ nauchno-issledovatelʹskiĭ institut iskusstvoznanii︠a︡</subfield><subfield code="0">(RERO)A000142302</subfield></datafield><datafield ind1="2" ind2=" " tag="880"><subfield code="6">710-04/(B</subfield><subfield code="a">Vsesojuznyj Naučno-Issledovatel'skij Institut Iskusstvovedenija</subfield><subfield code="g">Moskau</subfield><subfield code="0">(DE-588)5002517-X</subfield></datafield><datafield ind1="2" ind2=" " tag="880"><subfield code="6">710-04/(N</subfield><subfield code="a">СССР (Союз Советских Социалистических Республик)</subfield><subfield code="b">Всесоюзный научно-исследовательский институт искусствознания</subfield></datafield><datafield ind1=" " ind2=" " tag="900"><subfield code="a">REROnoselfmerge</subfield></datafield></record>
</metadata></record>