<record><header><identifier>oai:alma.41SLSP_UGE:991000017669705502</identifier><datestamp>2023-07-03T00:42:28Z</datestamp><setSpec>uge_bcen_RapidILL_BOOK</setSpec><setSpec>uge_aaca_RapidILL_BOOK</setSpec><setSpec>uge_abels_RapidILL_BOOK</setSpec><setSpec>uge_dbu_RapidILL_BOOK</setSpec><setSpec>uge_cmu_RapidILL_BOOK</setSpec><setSpec>uge_mail_RapidILL_BOOK</setSpec><setSpec>uge_abbat_RapidILL_BOOK</setSpec><setSpec>UNIGE_ALL</setSpec><setSpec>uge_aobs_RapidILL_BOOK</setSpec><setSpec>uge_acar_RapidILL_BOOK</setSpec></header><metadata>
<record xmlns="http://www.loc.gov/MARC21/slim" xmlns:xsi="http://www.w3.org/2001/XMLSchema-instance" xsi:schemaLocation="http://www.loc.gov/MARC21/slim http://www.loc.gov/standards/marcxml/schema/MARC21slim.xsd"><leader>03573nam a2200625 c 4500</leader><controlfield tag="001">991000017669705502</controlfield><controlfield tag="005">20230702080833.0</controlfield><controlfield tag="008">201011s2003    enk           00| | eng  </controlfield><datafield ind1=" " ind2=" " tag="015"><subfield code="a">GBA3-X5609</subfield></datafield><datafield ind1=" " ind2=" " tag="020"><subfield code="a">0521806410</subfield><subfield code="c">£75.00</subfield></datafield><datafield ind1=" " ind2=" " tag="020"><subfield code="a">0521001145</subfield><subfield code="q">pbk.</subfield><subfield code="c">£30.95</subfield></datafield><datafield ind1=" " ind2=" " tag="035"><subfield code="a">(swissbib)226740188-41slsp_network</subfield></datafield><datafield ind1=" " ind2=" " tag="035"><subfield code="a">226740188</subfield><subfield code="9">ExL</subfield></datafield><datafield ind1=" " ind2=" " tag="035"><subfield code="a">(NEBIS)004562273EBI01</subfield></datafield><datafield ind1=" " ind2=" " tag="035"><subfield code="a">(RERO)R003635102-41slsp</subfield></datafield><datafield ind1=" " ind2=" " tag="035"><subfield code="a">(IDSSG)000281241HSB01</subfield></datafield><datafield ind1=" " ind2=" " tag="035"><subfield code="a">(SBT)000273559SBT01</subfield></datafield><datafield ind1=" " ind2=" " tag="035"><subfield code="a">(EXLNZ-41SLSP_NETWORK)991127722029705501</subfield></datafield><datafield ind1=" " ind2=" " tag="040"><subfield code="a">StDuBDS</subfield><subfield code="d">CH-ZuSLS</subfield></datafield><datafield ind1=" " ind2="7" tag="072"><subfield code="a">se</subfield><subfield code="2">rero</subfield></datafield><datafield ind1="0" ind2="0" tag="082"><subfield code="a">336</subfield><subfield code="2">21</subfield></datafield><datafield ind1="0" ind2="4" tag="082"><subfield code="a">336.01</subfield><subfield code="b">H345</subfield><subfield code="2">21</subfield></datafield><datafield ind1="1" ind2="4" tag="082"><subfield code="a">336</subfield><subfield code="2">21</subfield></datafield><datafield ind1="1" ind2=" " tag="100"><subfield code="a">Hillman, Arye L.</subfield><subfield code="d">1947-</subfield><subfield code="0">(DE-588)114054754</subfield><subfield code="4">aut</subfield><subfield code="6">880-01</subfield></datafield><datafield ind1="1" ind2=" " tag="880"><subfield code="6">100-01</subfield><subfield code="a">Hillman, Arye L.</subfield><subfield code="d">1947-....</subfield><subfield code="0">(IDREF)031602940</subfield><subfield code="4">cre</subfield></datafield><datafield ind1="1" ind2="0" tag="245"><subfield code="a">Public finance and public policy</subfield><subfield code="b">responsibilities and limitations of government</subfield><subfield code="c">Arye L. Hillman</subfield></datafield><datafield ind1=" " ind2="1" tag="264"><subfield code="a">Cambridge</subfield><subfield code="b">Cambridge University Press</subfield><subfield code="c">2003</subfield></datafield><datafield ind1=" " ind2=" " tag="300"><subfield code="a">XIII, 766 p.</subfield><subfield code="b">ill.</subfield><subfield code="c">26 cm</subfield></datafield><datafield ind1=" " ind2=" " tag="336"><subfield code="b">txt</subfield><subfield code="2">rdacontent</subfield></datafield><datafield ind1=" " ind2=" " tag="337"><subfield code="b">n</subfield><subfield code="2">rdamedia</subfield></datafield><datafield ind1=" " ind2=" " tag="338"><subfield code="b">nc</subfield><subfield code="2">rdacarrier</subfield></datafield><datafield ind1=" " ind2=" " tag="504"><subfield code="a">Includes bibliographic references and index</subfield></datafield><datafield ind1=" " ind2="7" tag="650"><subfield code="a">Finanzwissenschaft</subfield><subfield code="0">(DE-588)4121273-3</subfield><subfield code="2">gnd</subfield></datafield><datafield ind1=" " ind2="7" tag="650"><subfield code="a">Öffentliches Gut</subfield><subfield code="0">(DE-588)4043179-4</subfield><subfield code="2">gnd</subfield></datafield><datafield ind1=" " ind2="7" tag="650"><subfield code="a">Steuerpolitik</subfield><subfield code="0">(DE-588)4057447-7</subfield><subfield code="2">gnd</subfield></datafield><datafield ind1=" " ind2="7" tag="650"><subfield code="a">Wirtschaftspolitik</subfield><subfield code="0">(DE-588)4066493-4</subfield><subfield code="2">gnd</subfield></datafield><datafield ind1=" " ind2="7" tag="650"><subfield code="a">Finanzwirtschaft</subfield><subfield code="2">idszbz</subfield></datafield><datafield ind1=" " ind2="7" tag="650"><subfield code="a">Steuerpolitik</subfield><subfield code="2">idszbz</subfield></datafield><datafield ind1=" " ind2="7" tag="650"><subfield code="a">Wirtschaftspolitik</subfield><subfield code="2">idszbz</subfield></datafield><datafield ind1=" " ind2="0" tag="650"><subfield code="a">Finance, Public</subfield></datafield><datafield ind1=" " ind2="0" tag="650"><subfield code="a">Economic policy</subfield></datafield><datafield ind1=" " ind2="0" tag="650"><subfield code="a">Taxation</subfield></datafield><datafield ind1=" " ind2="7" tag="650"><subfield code="a">Finances publiques</subfield><subfield code="0">(IDREF)02746783X</subfield><subfield code="2">idref</subfield></datafield><datafield ind1=" " ind2="7" tag="650"><subfield code="a">Économie publique</subfield><subfield code="0">(IDREF)028119126</subfield><subfield code="2">idref</subfield></datafield><datafield ind1=" " ind2="7" tag="650"><subfield code="a">Finanzpolitik</subfield><subfield code="0">(DE-588)4127795-8</subfield><subfield code="2">gnd</subfield></datafield><datafield ind1=" " ind2="7" tag="650"><subfield code="a">Finanzwirtschaft</subfield><subfield code="0">(DE-588)4017214-4</subfield><subfield code="2">gnd</subfield></datafield><datafield ind1=" " ind2="7" tag="655"><subfield code="a">Manuels d'enseignement</subfield><subfield code="0">(IDREF)027446514</subfield><subfield code="2">idref</subfield></datafield><datafield ind1=" " ind2="7" tag="655"><subfield code="a">Lehrbuch</subfield><subfield code="2">gnd-content</subfield></datafield><datafield ind1=" " ind2=" " tag="690"><subfield code="a">Externality ; Public goods ; Public Good ; Social Insurance ; Implementation ; Property ; Policy responsibility ; Correction ; Prohibition ; Entitlement ; Bureaucracy ; Law rule ; Financial data processing ; Refusal ; Majority vote ; Limitation ; College ; Price ; Social welfare ; Market ; Marketing ; Property Rights ; Property right ; Social Justice ; Insurance ; Incentive ; Education ; Redistribution ; Restraint ; Health ; Collective ; Preface ; Heath ; Efficiency ; Collective property ; Competition ; Cooperation ; Politics ; behaviour ; Health insurance ; Chemical solution ; Retirement ; Social Status ; measurement ; Aggregation ; Denationalization ; Public Finance ; Income measure ; Tax ; Administration expense ; Israel ; Charity ; Old age ; Constitutional ; Page description language ; Candidate ; Impossibility Theorem ; Protectionist ; International Trade Policy ; Substitute ; Income distribution ; Income effect ; Protection ; Corruption ; Natural Monopoly ; Competitor economy ; Theoretical model ; Multiple ; Impediment ; Shadow economy ; Tax evasion ; Group size ; Voluntary ; Excess Burden ; Tragedy ; Dolphin ; Size ; Prison</subfield><subfield code="2">idssg-J</subfield></datafield><datafield ind1=" " ind2=" " tag="690"><subfield code="a">Public Spending; Public Policy; Private Goods; Probabilistic Voting; Supplemental User Pricing</subfield><subfield code="2">idssg-J</subfield></datafield><datafield ind1=" " ind2=" " tag="690"><subfield code="a">Israel [100]</subfield><subfield code="2">idssg-J</subfield></datafield><datafield ind1=" " ind2=" " tag="690"><subfield code="a">apd; Han; Intertemporal; BENEFITS; O; USER; ID</subfield><subfield code="2">idssg-J</subfield></datafield><datafield ind1=" " ind2=" " tag="691"><subfield code="e">336</subfield><subfield code="a">Finanza pubblica</subfield><subfield code="2">usi-TE</subfield></datafield><datafield ind1="4" ind2=" " tag="856"><subfield code="u">https://tools.unisg.ch/url/hm00091059</subfield><subfield code="z">Inhaltsverzeichnis</subfield></datafield><datafield ind1=" " ind2=" " tag="900"><subfield code="a">IDSZ2zbzmon200311f</subfield><subfield code="c">IDSZ2tres</subfield><subfield code="d">IDSZ2zbzswk200411b</subfield><subfield code="e">IDSZ2kara</subfield></datafield><datafield ind1=" " ind2=" " tag="949"><subfield code="a">https://tools.unisg.ch/url/hm00091059</subfield></datafield><datafield ind1=" " ind2=" " tag="961"><subfield code="2">gsi</subfield><subfield code="a">336.1</subfield><subfield code="9">LOCAL</subfield></datafield></record>
</metadata></record>