<record><header><identifier>oai:alma.41SLSP_UGE:991000017769705502</identifier><datestamp>2024-07-29T00:19:45Z</datestamp><setSpec>UNIGE_ALL</setSpec></header><metadata>
<record xmlns="http://www.loc.gov/MARC21/slim" xmlns:xsi="http://www.w3.org/2001/XMLSchema-instance" xsi:schemaLocation="http://www.loc.gov/MARC21/slim http://www.loc.gov/standards/marcxml/schema/MARC21slim.xsd"><leader>03536ngm a2200709 c 4500</leader><controlfield tag="001">991000017769705502</controlfield><controlfield tag="005">20230625173019.0</controlfield><controlfield tag="007">vd#|v||||</controlfield><controlfield tag="008">201012t20162016sz ||| |          v|ara d</controlfield><datafield ind1=" " ind2=" " tag="019"><subfield code="a">Nicht visioniert</subfield><subfield code="5">NEBIS/11.04.2017/E65.rs</subfield></datafield><datafield ind1="3" ind2=" " tag="024"><subfield code="a">7640117983150</subfield></datafield><datafield ind1="4" ind2="2" tag="028"><subfield code="a">7640117983150</subfield></datafield><datafield ind1="4" ind2="2" tag="028"><subfield code="a">315</subfield><subfield code="b">Trigon-Film DVD-Edition</subfield></datafield><datafield ind1=" " ind2=" " tag="035"><subfield code="a">(swissbib)23706748X-41slsp_network</subfield></datafield><datafield ind1=" " ind2=" " tag="035"><subfield code="a">23706748X</subfield><subfield code="9">ExL</subfield></datafield><datafield ind1=" " ind2=" " tag="035"><subfield code="a">(RERO)R008844679-41slsp</subfield></datafield><datafield ind1=" " ind2=" " tag="035"><subfield code="a">(NEBIS)010803019EBI01</subfield></datafield><datafield ind1=" " ind2=" " tag="035"><subfield code="a">(EXLNZ-41SLSP_NETWORK)991025726039705501</subfield></datafield><datafield ind1=" " ind2=" " tag="040"><subfield code="a">RERO vsbcce</subfield><subfield code="d">CH-ZuSLS</subfield></datafield><datafield ind1="1" ind2=" " tag="041"><subfield code="a">ara</subfield><subfield code="a">eng</subfield><subfield code="a">fre</subfield><subfield code="a">ger</subfield><subfield code="h">ara</subfield></datafield><datafield ind1=" " ind2=" " tag="044"><subfield code="a">sz</subfield><subfield code="c">ch-ag</subfield></datafield><datafield ind1=" " ind2="7" tag="072"><subfield code="a">ba</subfield><subfield code="2">rero</subfield></datafield><datafield ind1="0" ind2="0" tag="245"><subfield code="a">&lt;&lt;Le&gt;&gt; challat de Tunis</subfield><subfield code="b">= Das Phantom von Tunis = The blade of Tunis</subfield><subfield code="c">réal. et scénario Kaouther Ben Hania ; musique: Si Lemhaf ... [et al.] ; prod.: Habib Attia</subfield></datafield><datafield ind1="1" ind2=" " tag="246"><subfield code="a">Phantom von Tunis</subfield></datafield><datafield ind1="1" ind2=" " tag="246"><subfield code="a">Blade of Tunis</subfield></datafield><datafield ind1="1" ind2="1" tag="246"><subfield code="a">&lt;&lt;Das&gt;&gt; Phantom von Tunis</subfield></datafield><datafield ind1="1" ind2="1" tag="246"><subfield code="a">&lt;&lt;The&gt;&gt; blade of Tunis</subfield></datafield><datafield ind1=" " ind2="1" tag="264"><subfield code="a">[Ennetbaden]</subfield><subfield code="a">Trigon-Film</subfield><subfield code="c">[2016]</subfield></datafield><datafield ind1=" " ind2="4" tag="264"><subfield code="c">© 2016</subfield></datafield><datafield ind1=" " ind2=" " tag="300"><subfield code="a">1 DVD vidéo (125 min)</subfield></datafield><datafield ind1=" " ind2=" " tag="336"><subfield code="b">tdi</subfield><subfield code="2">rdacontent</subfield></datafield><datafield ind1=" " ind2=" " tag="337"><subfield code="b">v</subfield><subfield code="2">rdamedia</subfield></datafield><datafield ind1=" " ind2=" " tag="338"><subfield code="b">vd</subfield><subfield code="2">rdacarrier</subfield></datafield><datafield ind1=" " ind2=" " tag="385"><subfield code="a">Dès 16 ans</subfield><subfield code="2">rero</subfield></datafield><datafield ind1="1" ind2=" " tag="490"><subfield code="a">Trigon-Film DVD-Edition</subfield><subfield code="v">315</subfield></datafield><datafield ind1=" " ind2=" " tag="500"><subfield code="a">Langue: version originale arabe. Sous-titres: allemand, français, anglais</subfield></datafield><datafield ind1=" " ind2=" " tag="500"><subfield code="a">Der Spielfilm wurde 2014 in Farbe in Tunesien und Frankreich produziert. - Bonusmaterial: Making of, Gespräch mit Kaouther Ben Hania</subfield></datafield><datafield ind1=" " ind2=" " tag="508"><subfield code="a">Drehbuch: Kaouther Ben Hania ; Kamera: Sofian El Fani ; Schnitt: Nadia Ben Rachid ; Musik: Si Lemhaf, Benjamin Violet</subfield></datafield><datafield ind1="1" ind2=" " tag="511"><subfield code="a">Schauspieler: Mohamed Slim Bouchiha, Jallel Dridi, Moufida Dridi, Nariméne Saidane, Kaouther Ben Hania</subfield></datafield><datafield ind1="8" ind2=" " tag="520"><subfield code="a">&quot;Tunis, avant la révolution. En ville une rumeur court, un homme à moto, armé d'un rasoir, balafrerait les fesses des femmes qui ont la malchance de croiser sa route. On l'appelle le Challat, &quot;le balafreur”. Fait divers local ? Manipulation politique ? D'un quartier à l'autre, on en plaisante ou on s'en inquiète, on y croit ou pas, car tout le monde en parle. Sauf que personne ne l'a jamais vu. Dix ans plus tard, sur fond de post-révolution, les langues se délient. Une jeune réalisatrice décide d'enquêter pour élucider le mystère du Challat de Tunis. Ses armes : humour, dérision, obstination.</subfield></datafield><datafield ind1=" " ind2=" " tag="538"><subfield code="a">DVD, PAL, Region 2</subfield></datafield><datafield ind1=" " ind2=" " tag="546"><subfield code="a">Arabisch. - Untertitel: Deutsch, Französisch, Englisch</subfield></datafield><datafield ind1=" " ind2="7" tag="650"><subfield code="a">Film</subfield><subfield code="0">(DE-588)4017102-4</subfield><subfield code="2">gnd</subfield></datafield><datafield ind1=" " ind2="7" tag="650"><subfield code="a">Suche</subfield><subfield code="0">(DE-588)4221436-1</subfield><subfield code="2">gnd</subfield></datafield><datafield ind1=" " ind2="7" tag="650"><subfield code="a">Motorradfahrer</subfield><subfield code="0">(DE-588)4170605-5</subfield><subfield code="2">gnd</subfield></datafield><datafield ind1=" " ind2="7" tag="651"><subfield code="a">Tunesien</subfield><subfield code="0">(DE-588)4061206-5</subfield><subfield code="2">gnd</subfield></datafield><datafield ind1=" " ind2="7" tag="655"><subfield code="a">DVD-Video</subfield><subfield code="2">gnd-carrier</subfield></datafield><datafield ind1=" " ind2="7" tag="655"><subfield code="a">DVD</subfield><subfield code="0">(IDREF)035108444</subfield><subfield code="2">idref</subfield></datafield><datafield ind1=" " ind2="7" tag="655"><subfield code="a">Films de fiction</subfield><subfield code="0">(IDREF)14779644X</subfield><subfield code="2">idref</subfield></datafield><datafield ind1="1" ind2=" " tag="700"><subfield code="a">El Fani, Sofian</subfield><subfield code="d">1974-</subfield><subfield code="0">(DE-588)1070038733</subfield><subfield code="4">cng</subfield></datafield><datafield ind1="1" ind2=" " tag="700"><subfield code="a">Ben Rachid, Nadia</subfield><subfield code="d">1962-</subfield><subfield code="0">(DE-588)1098445392</subfield><subfield code="4">edm</subfield></datafield><datafield ind1="1" ind2=" " tag="700"><subfield code="a">Violet, Benjamin</subfield><subfield code="4">cmp</subfield></datafield><datafield ind1="1" ind2=" " tag="700"><subfield code="a">Bouchiha, Mohamed Slim</subfield><subfield code="4">act</subfield></datafield><datafield ind1="1" ind2=" " tag="700"><subfield code="a">Dridi, Jallel</subfield><subfield code="4">act</subfield></datafield><datafield ind1="1" ind2=" " tag="700"><subfield code="a">Dridi, Moufida</subfield><subfield code="4">act</subfield></datafield><datafield ind1="1" ind2=" " tag="700"><subfield code="a">Saidane, Nariméne</subfield><subfield code="4">act</subfield></datafield><datafield ind1="1" ind2=" " tag="700"><subfield code="a">Attia, Habib</subfield><subfield code="0">(RERO)A025852153</subfield><subfield code="4">pro</subfield></datafield><datafield ind1="1" ind2=" " tag="700"><subfield code="6">880-03</subfield><subfield code="a">Ben Hania, Kaouther</subfield><subfield code="4">fmd</subfield><subfield code="4">aus</subfield><subfield code="4">act</subfield></datafield><datafield ind1="1" ind2=" " tag="880"><subfield code="6">700-03</subfield><subfield code="a">Ben Hania, Kaouther</subfield><subfield code="d">1977-...</subfield><subfield code="0">(IDREF)130513199</subfield><subfield code="4">drt</subfield></datafield><datafield ind1="1" ind2=" " tag="700"><subfield code="a">Lemhaf, Si</subfield><subfield code="0">(IDREF)190754079</subfield><subfield code="4">cmp</subfield></datafield><datafield ind1=" " ind2="0" tag="830"><subfield code="a">Trigon-Film DVD-Edition</subfield><subfield code="v">315</subfield><subfield code="w">(NEBIS)009368986EBI01</subfield></datafield><datafield ind1=" " ind2="0" tag="830"><subfield code="a">Trigon-Film DVD-Edition</subfield><subfield code="v">315</subfield><subfield code="w">(RERO)R003126707-41slsp</subfield></datafield><datafield ind1=" " ind2=" " tag="900"><subfield code="a">IDSZ2zbzvid201703l</subfield><subfield code="c">IDSZ2rohr</subfield></datafield></record>
</metadata></record>