<record><header><identifier>oai:alma.41SLSP_UGE:991000017979705502</identifier><datestamp>2023-03-01T01:09:20Z</datestamp><setSpec>uge_bcen_RapidILL_BOOK</setSpec><setSpec>uge_aaca_RapidILL_BOOK</setSpec><setSpec>uge_abels_RapidILL_BOOK</setSpec><setSpec>uge_dbu_RapidILL_BOOK</setSpec><setSpec>uge_cmu_RapidILL_BOOK</setSpec><setSpec>uge_mail_RapidILL_BOOK</setSpec><setSpec>UNIGE_ALL</setSpec><setSpec>uge_abbat_RapidILL_BOOK</setSpec><setSpec>uge_aobs_RapidILL_BOOK</setSpec><setSpec>uge_acar_RapidILL_BOOK</setSpec></header><metadata>
<record xmlns="http://www.loc.gov/MARC21/slim" xmlns:xsi="http://www.w3.org/2001/XMLSchema-instance" xsi:schemaLocation="http://www.loc.gov/MARC21/slim http://www.loc.gov/standards/marcxml/schema/MARC21slim.xsd"><leader>01103nam a2200229 c 4500</leader><controlfield tag="001">991000017979705502</controlfield><controlfield tag="005">20201227172125.0</controlfield><controlfield tag="008">150928m19961998ru ||||| |||| 00| ||rus d</controlfield><datafield ind1=" " ind2=" " tag="035"><subfield code="a">(swissbib)122118340-41slsp_network</subfield></datafield><datafield ind1=" " ind2=" " tag="035"><subfield code="a">122118340</subfield><subfield code="9">ExL</subfield></datafield><datafield ind1=" " ind2=" " tag="035"><subfield code="a">(RERO)R008263524-41slsp</subfield></datafield><datafield ind1=" " ind2=" " tag="035"><subfield code="a">(EXLNZ-41SLSP_NETWORK)991111521519705501</subfield></datafield><datafield ind1=" " ind2=" " tag="040"><subfield code="a">RERO geulru</subfield><subfield code="d">CH-ZuSLS</subfield></datafield><datafield ind1=" " ind2="7" tag="072"><subfield code="a">ba</subfield><subfield code="2">rero</subfield></datafield><datafield ind1="0" ind2="0" tag="245"><subfield code="a">Khudozhniki shkoly M.V. Mati︠u︡shina</subfield><subfield code="b">katalog vystavki</subfield></datafield><datafield ind1=" " ind2="1" tag="264"><subfield code="a">Kirov</subfield><subfield code="a">Petrozavodsk</subfield><subfield code="b">[éditeur non identifié]</subfield><subfield code="c">1996-98</subfield></datafield><datafield ind1=" " ind2=" " tag="300"><subfield code="a">2 vol.</subfield></datafield><datafield ind1=" " ind2=" " tag="336"><subfield code="b">txt</subfield><subfield code="2">rdacontent</subfield></datafield><datafield ind1=" " ind2=" " tag="337"><subfield code="b">n</subfield><subfield code="2">rdamedia</subfield></datafield><datafield ind1=" " ind2=" " tag="338"><subfield code="b">nc</subfield><subfield code="2">rdacarrier</subfield></datafield><datafield ind1=" " ind2=" " tag="500"><subfield code="a">Departament kulʹtury i iskusstva administrat︠s︡ii Kirovskoĭ obalsti. Kirovskiĭ oblastnoĭ khudozhestvennyĭ muzeĭ im. V.M. i A.M. Vasnet︠s︡ovykh, Kirov 1996 (iz sobranii︠a︡ N. Nesmelova, g. S-Peterburg)</subfield></datafield><datafield ind1=" " ind2=" " tag="500"><subfield code="a">Ministerstvo kulʹtury Respubliki Karelii︠a︡. Muzeĭ izobrazitelʹnykh iskusstv Respubliki Karelii︠a︡. Petrozavodsk 10.04-10.05.1998. Zhivopis. Grafika</subfield></datafield><datafield ind1=" " ind2=" " tag="900"><subfield code="a">REROnoselfmerge</subfield></datafield></record>
</metadata></record>