<record><header><identifier>oai:alma.41SLSP_UGE:991000018079705502</identifier><datestamp>2024-03-09T01:40:47Z</datestamp><setSpec>uge_bcen_RapidILL_BOOK</setSpec><setSpec>uge_aaca_RapidILL_BOOK</setSpec><setSpec>uge_abels_RapidILL_BOOK</setSpec><setSpec>uge_dbu_RapidILL_BOOK</setSpec><setSpec>uge_cmu_RapidILL_BOOK</setSpec><setSpec>uge_mail_RapidILL_BOOK</setSpec><setSpec>uge_abbat_RapidILL_BOOK</setSpec><setSpec>UNIGE_ALL</setSpec><setSpec>uge_acar_RapidILL_BOOK</setSpec><setSpec>uge_aobs_RapidILL_BOOK</setSpec></header><metadata>
<record xmlns="http://www.loc.gov/MARC21/slim" xmlns:xsi="http://www.w3.org/2001/XMLSchema-instance" xsi:schemaLocation="http://www.loc.gov/MARC21/slim http://www.loc.gov/standards/marcxml/schema/MARC21slim.xsd"><leader>01778nam a2200409 c 4500</leader><controlfield tag="001">991000018079705502</controlfield><controlfield tag="005">20240308232349.0</controlfield><controlfield tag="008">201011s1895    sz ||||| |||| 00| ||ger d</controlfield><datafield ind1=" " ind2=" " tag="035"><subfield code="a">(swissbib)21429448X-41slsp_network</subfield></datafield><datafield ind1=" " ind2=" " tag="035"><subfield code="a">21429448X</subfield><subfield code="9">ExL</subfield></datafield><datafield ind1=" " ind2=" " tag="035"><subfield code="a">(RERO)R003261978-41slsp</subfield></datafield><datafield ind1=" " ind2=" " tag="035"><subfield code="a">(IDSBB)003426878DSV01</subfield></datafield><datafield ind1=" " ind2=" " tag="035"><subfield code="a">(IDSLU)000823768ILU01</subfield></datafield><datafield ind1=" " ind2=" " tag="035"><subfield code="a">(ABN)000455078ABN01</subfield></datafield><datafield ind1=" " ind2=" " tag="035"><subfield code="a">(EXLNZ-41SLSP_NETWORK)991022718419705501</subfield></datafield><datafield ind1=" " ind2=" " tag="040"><subfield code="a">RERO geulsh</subfield><subfield code="d">CH-ZuSLS</subfield></datafield><datafield ind1=" " ind2="7" tag="072"><subfield code="a">hm</subfield><subfield code="2">rero</subfield></datafield><datafield ind1=" " ind2="7" tag="072"><subfield code="a">th</subfield><subfield code="2">rero</subfield></datafield><datafield ind1="1" ind2=" " tag="100"><subfield code="a">Schmidlin, Ludwig Rochus</subfield><subfield code="d">1845-1917</subfield><subfield code="0">(DE-588)135648815</subfield><subfield code="6">880-01</subfield></datafield><datafield ind1="1" ind2=" " tag="880"><subfield code="a">Schmidlin, Ludwig Rochus</subfield><subfield code="0">(RERO)A003800112</subfield><subfield code="4">cre</subfield><subfield code="6">100-01</subfield></datafield><datafield ind1="1" ind2="0" tag="245"><subfield code="a">Geschichte des Solothurnischen Amtei-Bezirkes Kriegstetten</subfield><subfield code="c">nach den urkundlichen Quellen dargestellt von Ludwig Rochus Schmidlin, Pfarrer, Mitglied der allgemeinen geschichtforschenden Gesellschaft der Schweiz</subfield></datafield><datafield ind1=" " ind2="1" tag="264"><subfield code="a">Solothurn</subfield><subfield code="b">Druck und Verlag der Buch- und Kunst-Druckerei Union</subfield><subfield code="c">1895</subfield></datafield><datafield ind1=" " ind2=" " tag="300"><subfield code="a">Bd. 1 (281 S.)</subfield><subfield code="c">24 cm</subfield></datafield><datafield ind1=" " ind2=" " tag="336"><subfield code="b">txt</subfield><subfield code="2">rdacontent</subfield></datafield><datafield ind1=" " ind2=" " tag="337"><subfield code="b">n</subfield><subfield code="2">rdamedia</subfield></datafield><datafield ind1=" " ind2=" " tag="338"><subfield code="b">nc</subfield><subfield code="2">rdacarrier</subfield></datafield><datafield ind1=" " ind2=" " tag="500"><subfield code="a">Apparemment seul vol. paru</subfield></datafield><datafield ind1=" " ind2=" " tag="500"><subfield code="a">Nur Band 1 erschienen</subfield></datafield><datafield ind1=" " ind2=" " tag="500"><subfield code="a">Keine weiteren Bd. erschienen</subfield></datafield><datafield ind1="0" ind2="0" tag="505"><subfield code="g">[Bd.] 1</subfield><subfield code="t">&lt;&lt;Das&gt;&gt; Mittelalter mit nothwendiger Berücksichtigung der Neuzeit</subfield></datafield><datafield ind1="3" ind2=" " tag="510"><subfield code="a">NUC</subfield></datafield><datafield ind1=" " ind2="7" tag="650"><subfield code="a">13e siècle-19e siècle (fin)</subfield><subfield code="0">(RERO)A026992966</subfield><subfield code="2">rero</subfield></datafield><datafield ind1=" " ind2="7" tag="651"><subfield code="a">Kriegstetten (Suisse, région)</subfield><subfield code="0">(RERO)A010235847</subfield><subfield code="2">rero</subfield></datafield><datafield ind1=" " ind2="7" tag="651"><subfield code="a">Wasseramt (Suisse, district)</subfield><subfield code="0">(RERO)A010235848</subfield><subfield code="2">rero</subfield></datafield><datafield ind1=" " ind2=" " tag="690"><subfield code="a">Kriegstetten-Bezirk. Geschichte</subfield><subfield code="2">rzs-L1</subfield></datafield><datafield ind1=" " ind2=" " tag="690"><subfield code="a">Solothurn-Kt. Geschichte, B: Kriegstetten</subfield><subfield code="2">rzs-L1</subfield></datafield><datafield ind1="1" ind2="2" tag="700"><subfield code="a">Schmidlin, Ludwig Rochus</subfield><subfield code="t">&lt;&lt;Das&gt;&gt; Mittelalter mit nothwendiger Berücksichtigung der Neuzeit</subfield></datafield><datafield ind1=" " ind2=" " tag="900"><subfield code="a">REROnoselfmerge</subfield></datafield></record>
</metadata></record>