<record><header><identifier>oai:alma.41SLSP_UGE:991000017869705502</identifier><datestamp>2023-03-01T01:09:20Z</datestamp><setSpec>uge_bcen_RapidILL_BOOK</setSpec><setSpec>uge_aaca_RapidILL_BOOK</setSpec><setSpec>uge_abels_RapidILL_BOOK</setSpec><setSpec>uge_dbu_RapidILL_BOOK</setSpec><setSpec>uge_cmu_RapidILL_BOOK</setSpec><setSpec>uge_mail_RapidILL_BOOK</setSpec><setSpec>uge_abbat_RapidILL_BOOK</setSpec><setSpec>UNIGE_ALL</setSpec><setSpec>uge_acar_RapidILL_BOOK</setSpec><setSpec>uge_aobs_RapidILL_BOOK</setSpec></header><metadata>
<record xmlns="http://www.loc.gov/MARC21/slim" xmlns:xsi="http://www.w3.org/2001/XMLSchema-instance" xsi:schemaLocation="http://www.loc.gov/MARC21/slim http://www.loc.gov/standards/marcxml/schema/MARC21slim.xsd"><leader>01035nam a2200301 c 4500</leader><controlfield tag="001">991000017869705502</controlfield><controlfield tag="005">20230227202909.0</controlfield><controlfield tag="008">000830s1972    xxu||||| |||| 00| ||eng d</controlfield><datafield ind1=" " ind2=" " tag="020"><subfield code="a">066982495X</subfield></datafield><datafield ind1=" " ind2=" " tag="035"><subfield code="a">(swissbib)095049800-41slsp_network</subfield></datafield><datafield ind1=" " ind2=" " tag="035"><subfield code="a">095049800</subfield><subfield code="9">ExL</subfield></datafield><datafield ind1=" " ind2=" " tag="035"><subfield code="a">(RERO)R260088160-41slsp</subfield></datafield><datafield ind1=" " ind2=" " tag="035"><subfield code="a">(EXLNZ-41SLSP_NETWORK)991029342089705501</subfield></datafield><datafield ind1=" " ind2=" " tag="040"><subfield code="a">RERO gehei-</subfield><subfield code="d">CH-ZuSLS</subfield></datafield><datafield ind1=" " ind2="7" tag="072"><subfield code="a">sp</subfield><subfield code="2">rero</subfield></datafield><datafield ind1="0" ind2="0" tag="245"><subfield code="a">&lt;&lt;The&gt;&gt; Stalin revolution</subfield><subfield code="b">foundations of Soviet totalitarism</subfield><subfield code="c">ed., and with an introd. by Robert V. Daniels</subfield></datafield><datafield ind1=" " ind2=" " tag="250"><subfield code="a">2nd ed.</subfield></datafield><datafield ind1=" " ind2="1" tag="264"><subfield code="a">Lexington MA [etc.]</subfield><subfield code="b">D.C. Heath</subfield><subfield code="c">[1972]</subfield></datafield><datafield ind1=" " ind2="4" tag="264"><subfield code="c">© 1972</subfield></datafield><datafield ind1=" " ind2=" " tag="300"><subfield code="a">XVIII, 233 p.</subfield><subfield code="b">ill.</subfield><subfield code="c">21 cm</subfield></datafield><datafield ind1=" " ind2=" " tag="336"><subfield code="b">txt</subfield><subfield code="2">rdacontent</subfield></datafield><datafield ind1=" " ind2=" " tag="337"><subfield code="b">n</subfield><subfield code="2">rdamedia</subfield></datafield><datafield ind1=" " ind2=" " tag="338"><subfield code="b">nc</subfield><subfield code="2">rdacarrier</subfield></datafield><datafield ind1="1" ind2=" " tag="490"><subfield code="a">Problems in European civilization</subfield></datafield><datafield ind1=" " ind2="7" tag="650"><subfield code="a">Totalitarisme</subfield><subfield code="0">(IDREF)027529835</subfield><subfield code="2">idref</subfield></datafield><datafield ind1=" " ind2="7" tag="651"><subfield code="a">URSS</subfield><subfield code="0">(IDREF)027332519</subfield><subfield code="2">idref</subfield></datafield><datafield ind1="1" ind2=" " tag="700"><subfield code="a">Daniels, Robert Vincent</subfield><subfield code="0">(RERO)A003153911</subfield></datafield><datafield ind1=" " ind2=" " tag="830"><subfield code="a">Problems in European civilization series</subfield><subfield code="w">(RERO)0117282-41slsp</subfield></datafield><datafield ind1=" " ind2=" " tag="900"><subfield code="a">REROnoselfmerge</subfield></datafield></record>
</metadata></record>