<record><header><identifier>oai:alma.41SLSP_UGE:991000017579705502</identifier><datestamp>2024-03-09T01:39:47Z</datestamp><setSpec>uge_bcen_RapidILL_BOOK</setSpec><setSpec>uge_aaca_RapidILL_BOOK</setSpec><setSpec>uge_abels_RapidILL_BOOK</setSpec><setSpec>uge_dbu_RapidILL_BOOK</setSpec><setSpec>uge_cmu_RapidILL_BOOK</setSpec><setSpec>uge_mail_RapidILL_BOOK</setSpec><setSpec>uge_abbat_RapidILL_BOOK</setSpec><setSpec>UNIGE_ALL</setSpec><setSpec>uge_acar_RapidILL_BOOK</setSpec><setSpec>uge_aobs_RapidILL_BOOK</setSpec></header><metadata>
<record xmlns="http://www.loc.gov/MARC21/slim" xmlns:xsi="http://www.w3.org/2001/XMLSchema-instance" xsi:schemaLocation="http://www.loc.gov/MARC21/slim http://www.loc.gov/standards/marcxml/schema/MARC21slim.xsd"><leader>02762nam a2200709 c 4500</leader><controlfield tag="001">991000017579705502</controlfield><controlfield tag="005">20240308213839.0</controlfield><controlfield tag="008">201011s1959    enkch    b||| 000 0 eng|c</controlfield><datafield ind1=" " ind2=" " tag="010"><subfield code="a">a  59006839</subfield></datafield><datafield ind1=" " ind2=" " tag="015"><subfield code="a">GB5906722</subfield><subfield code="2">bnb</subfield></datafield><datafield ind1=" " ind2=" " tag="035"><subfield code="a">(swissbib)230506437-41slsp_network</subfield></datafield><datafield ind1=" " ind2=" " tag="035"><subfield code="a">230506437</subfield><subfield code="9">ExL</subfield></datafield><datafield ind1=" " ind2=" " tag="035"><subfield code="a">(NEBIS)011197672EBI01</subfield></datafield><datafield ind1=" " ind2=" " tag="035"><subfield code="a">(RERO)0006236-41slsp</subfield></datafield><datafield ind1=" " ind2=" " tag="035"><subfield code="a">(IDSBB)000352348DSV01</subfield></datafield><datafield ind1=" " ind2=" " tag="035"><subfield code="a">(OCoLC)1946501</subfield></datafield><datafield ind1=" " ind2=" " tag="035"><subfield code="a">(ABN)000144944ABN01</subfield></datafield><datafield ind1=" " ind2=" " tag="035"><subfield code="a">(EXLNZ-41SLSP_NETWORK)991043662379705501</subfield></datafield><datafield ind1=" " ind2=" " tag="040"><subfield code="a">Rochester. Univ. Libr</subfield><subfield code="b">ger</subfield><subfield code="e">rda</subfield><subfield code="d">CH-ZuSLS</subfield></datafield><datafield ind1=" " ind2="0" tag="050"><subfield code="a">PR925</subfield><subfield code="b">.H8</subfield></datafield><datafield ind1="1" ind2="4" tag="050"><subfield code="a">PN451</subfield><subfield code="b">.W9 no.109</subfield></datafield><datafield ind1=" " ind2="7" tag="072"><subfield code="a">an</subfield><subfield code="2">rero</subfield></datafield><datafield ind1=" " ind2="7" tag="072"><subfield code="a">an</subfield><subfield code="2">SzZuIDS BS/BE</subfield></datafield><datafield ind1="0" ind2="4" tag="082"><subfield code="a">824.5</subfield><subfield code="2">18</subfield></datafield><datafield ind1=" " ind2=" " tag="084"><subfield code="a">18.05</subfield><subfield code="2">bcl</subfield></datafield><datafield ind1=" " ind2=" " tag="084"><subfield code="a">HK 3055</subfield><subfield code="2">rvk</subfield></datafield><datafield ind1=" " ind2=" " tag="084"><subfield code="a">827.1</subfield><subfield code="2">z</subfield></datafield><datafield ind1="1" ind2=" " tag="100"><subfield code="a">Humphreys, Arthur R.</subfield><subfield code="d">1911-1988</subfield><subfield code="0">(DE-588)124806201</subfield><subfield code="e">Verfasser</subfield><subfield code="4">aut</subfield></datafield><datafield ind1="1" ind2="0" tag="245"><subfield code="a">Steele, Addison, and their periodical essays</subfield><subfield code="c">by A. R. Humphreeys</subfield></datafield><datafield ind1=" " ind2="1" tag="264"><subfield code="a">[London]</subfield><subfield code="b">Published for the British Council by Longmans, Green</subfield><subfield code="c">[1959]</subfield></datafield><datafield ind1=" " ind2=" " tag="300"><subfield code="a">46 pages</subfield><subfield code="b">portraits, facsimiles</subfield><subfield code="c">22 cm</subfield></datafield><datafield ind1=" " ind2=" " tag="336"><subfield code="b">txt</subfield><subfield code="2">rdacontent</subfield></datafield><datafield ind1=" " ind2=" " tag="337"><subfield code="b">n</subfield><subfield code="2">rdamedia</subfield></datafield><datafield ind1=" " ind2=" " tag="338"><subfield code="b">nc</subfield><subfield code="2">rdacarrier</subfield></datafield><datafield ind1="1" ind2=" " tag="490"><subfield code="a">Writers and their work</subfield><subfield code="v">no. 109</subfield></datafield><datafield ind1="0" ind2=" " tag="490"><subfield code="a">Bibliographical series of supplements to British book news on writers and their work</subfield></datafield><datafield ind1=" " ind2=" " tag="504"><subfield code="a">Includes bibliographical references (pages 41-46)</subfield></datafield><datafield ind1=" " ind2=" " tag="530"><subfield code="a">Also issued online</subfield></datafield><datafield ind1="1" ind2="7" tag="600"><subfield code="a">Addison, Joseph</subfield><subfield code="2">swd</subfield></datafield><datafield ind1="1" ind2="7" tag="600"><subfield code="a">Steele, Richard</subfield><subfield code="2">swd</subfield></datafield><datafield ind1="1" ind2="7" tag="600"><subfield code="a">Addison, Joseph</subfield><subfield code="d">1672-1719</subfield><subfield code="0">(DE-588)118500619</subfield><subfield code="2">gnd</subfield></datafield><datafield ind1="1" ind2="7" tag="600"><subfield code="a">Steele, Richard</subfield><subfield code="d">1672-1729</subfield><subfield code="0">(DE-588)118752936</subfield><subfield code="2">gnd</subfield></datafield><datafield ind1="1" ind2="0" tag="600"><subfield code="a">Steele, Richard</subfield><subfield code="c">Sir</subfield><subfield code="d">1672-1729</subfield></datafield><datafield ind1="1" ind2="0" tag="600"><subfield code="a">Addison, Joseph</subfield><subfield code="d">1672-1719</subfield></datafield><datafield ind1="1" ind2="7" tag="600"><subfield code="a">Addison, Joseph</subfield><subfield code="d">1672-1719</subfield><subfield code="2">fast</subfield></datafield><datafield ind1="1" ind2="7" tag="600"><subfield code="a">Steele, Richard</subfield><subfield code="c">Sir</subfield><subfield code="d">1672-1729</subfield><subfield code="2">fast</subfield></datafield><datafield ind1="1" ind2="7" tag="600"><subfield code="a">Addison, Joseph</subfield><subfield code="d">1672-1719</subfield><subfield code="0">(IDREF)028972783</subfield><subfield code="2">idref</subfield></datafield><datafield ind1="1" ind2="7" tag="600"><subfield code="a">Steele, Richard</subfield><subfield code="d">1672-1729</subfield><subfield code="0">(IDREF)029180155</subfield><subfield code="2">idref</subfield></datafield><datafield ind1=" " ind2="7" tag="650"><subfield code="a">Essay</subfield><subfield code="0">(DE-588)4015553-5</subfield><subfield code="2">gnd</subfield></datafield><datafield ind1=" " ind2="0" tag="650"><subfield code="a">English essays</subfield><subfield code="x">History and criticism</subfield></datafield><datafield ind1=" " ind2="0" tag="650"><subfield code="a">English periodicals</subfield><subfield code="x">History</subfield></datafield><datafield ind1=" " ind2="7" tag="650"><subfield code="a">English essays</subfield><subfield code="2">fast</subfield></datafield><datafield ind1=" " ind2="7" tag="650"><subfield code="a">English periodicals</subfield><subfield code="2">fast</subfield></datafield><datafield ind1=" " ind2="7" tag="650"><subfield code="a">Périodiques</subfield><subfield code="0">(IDREF)02724640X</subfield><subfield code="2">idref</subfield></datafield><datafield ind1=" " ind2="7" tag="655"><subfield code="a">Criticism, interpretation, etc</subfield><subfield code="2">fast</subfield></datafield><datafield ind1=" " ind2="7" tag="655"><subfield code="a">History</subfield><subfield code="2">fast</subfield></datafield><datafield ind1="1" ind2=" " tag="700"><subfield code="a">Humphreys, Arthur Raleigh</subfield><subfield code="d">1911-1988</subfield><subfield code="0">(IDREF)031758428</subfield><subfield code="4">cre</subfield></datafield><datafield ind1="1" ind2=" " tag="700"><subfield code="a">Humphreys, Arthur Raleigh</subfield></datafield><datafield ind1="0" ind2="8" tag="776"><subfield code="i">Online version</subfield><subfield code="t">Steele, Addison, and their periodical essays</subfield></datafield><datafield ind1=" " ind2=" " tag="830"><subfield code="a">Bibliographical series of Supplements to &quot;British book news&quot; on writers and their work</subfield><subfield code="v">109</subfield><subfield code="w">(NEBIS)000063082EBI01</subfield></datafield><datafield ind1=" " ind2=" " tag="830"><subfield code="a">Writers and their work</subfield><subfield code="v">109</subfield><subfield code="w">(IDSBB)000396107DSV01</subfield></datafield><datafield ind1=" " ind2=" " tag="900"><subfield code="a">IDSZ2esmon201806r</subfield><subfield code="c">IDSZ2esch</subfield></datafield><datafield ind1=" " ind2=" " tag="900"><subfield code="a">REROnoselfmerge</subfield></datafield></record>
</metadata></record>