<record><header><identifier>oai:alma.41SLSP_UGE:991000018099705502</identifier><datestamp>2023-03-01T01:09:20Z</datestamp><setSpec>uge_bcen_RapidILL_BOOK</setSpec><setSpec>uge_aaca_RapidILL_BOOK</setSpec><setSpec>uge_abels_RapidILL_BOOK</setSpec><setSpec>uge_dbu_RapidILL_BOOK</setSpec><setSpec>uge_cmu_RapidILL_BOOK</setSpec><setSpec>uge_mail_RapidILL_BOOK</setSpec><setSpec>UNIGE_ALL</setSpec><setSpec>uge_abbat_RapidILL_BOOK</setSpec><setSpec>uge_aobs_RapidILL_BOOK</setSpec><setSpec>uge_acar_RapidILL_BOOK</setSpec></header><metadata>
<record xmlns="http://www.loc.gov/MARC21/slim" xmlns:xsi="http://www.w3.org/2001/XMLSchema-instance" xsi:schemaLocation="http://www.loc.gov/MARC21/slim http://www.loc.gov/standards/marcxml/schema/MARC21slim.xsd"><leader>00908nam a2200253 c 4500</leader><controlfield tag="001">991000018099705502</controlfield><controlfield tag="005">20210206203016.0</controlfield><controlfield tag="008">900125s1989    sz ||||| |||| 00| ||ger d</controlfield><datafield ind1=" " ind2=" " tag="035"><subfield code="a">(swissbib)084381892-41slsp_network</subfield></datafield><datafield ind1=" " ind2=" " tag="035"><subfield code="a">084381892</subfield><subfield code="9">ExL</subfield></datafield><datafield ind1=" " ind2=" " tag="035"><subfield code="a">(RERO)1200404-41slsp</subfield></datafield><datafield ind1=" " ind2=" " tag="035"><subfield code="a">(EXLNZ-41SLSP_NETWORK)991052222599705501</subfield></datafield><datafield ind1=" " ind2=" " tag="040"><subfield code="a">RERO geubfd</subfield><subfield code="d">CH-ZuSLS</subfield></datafield><datafield ind1="1" ind2=" " tag="041"><subfield code="a">ger</subfield><subfield code="h">fre</subfield></datafield><datafield ind1=" " ind2=" " tag="044"><subfield code="a">sz</subfield><subfield code="c">ch-ge</subfield></datafield><datafield ind1=" " ind2="7" tag="072"><subfield code="a">dr</subfield><subfield code="2">rero</subfield></datafield><datafield ind1=" " ind2=" " tag="084"><subfield code="a">CA/CH 77 i</subfield><subfield code="2">cjurrom</subfield></datafield><datafield ind1="1" ind2=" " tag="100"><subfield code="a">Des Gouttes, René</subfield><subfield code="0">(IDREF)111535727</subfield><subfield code="4">cre</subfield></datafield><datafield ind1="1" ind2="0" tag="245"><subfield code="a">Genugtuung</subfield><subfield code="c">von René Des Gouttes ; [Übers. I. Trindade].</subfield><subfield code="n">2[b]</subfield><subfield code="p">Verzeichnis der Entscheidungen</subfield></datafield><datafield ind1=" " ind2="1" tag="264"><subfield code="a">Genève</subfield><subfield code="b">Schweiz. Juristische Kartothek</subfield><subfield code="c">[1989]</subfield></datafield><datafield ind1=" " ind2=" " tag="300"><subfield code="a">1 Karte (23 S.)</subfield><subfield code="c">25 cm</subfield></datafield><datafield ind1="1" ind2=" " tag="490"><subfield code="a">Schweiz. juristische Kartothek</subfield><subfield code="v">1142b</subfield></datafield><datafield ind1="1" ind2=" " tag="800"><subfield code="a">Des Gouttes, René</subfield><subfield code="t">Genugtuung</subfield><subfield code="v">2[ ]</subfield></datafield><datafield ind1=" " ind2="0" tag="830"><subfield code="a">Schweizerische juristische Kartothek</subfield><subfield code="v">1142</subfield><subfield code="w">(RERO)1106628-41slsp</subfield></datafield><datafield ind1=" " ind2=" " tag="900"><subfield code="a">REROnoselfmerge</subfield></datafield></record>
</metadata></record>