<record><header><identifier>oai:alma.41SLSP_UGE:991000017679705502</identifier><datestamp>2023-05-03T00:24:34Z</datestamp><setSpec>uge_bcen_RapidILL_BOOK</setSpec><setSpec>uge_aaca_RapidILL_BOOK</setSpec><setSpec>uge_abels_RapidILL_BOOK</setSpec><setSpec>uge_dbu_RapidILL_BOOK</setSpec><setSpec>uge_cmu_RapidILL_BOOK</setSpec><setSpec>uge_mail_RapidILL_BOOK</setSpec><setSpec>uge_abbat_RapidILL_BOOK</setSpec><setSpec>UNIGE_ALL</setSpec><setSpec>uge_aobs_RapidILL_BOOK</setSpec><setSpec>uge_acar_RapidILL_BOOK</setSpec></header><metadata>
<record xmlns="http://www.loc.gov/MARC21/slim" xmlns:xsi="http://www.w3.org/2001/XMLSchema-instance" xsi:schemaLocation="http://www.loc.gov/MARC21/slim http://www.loc.gov/standards/marcxml/schema/MARC21slim.xsd"><leader>00954nam a2200277 c 4500</leader><controlfield tag="001">991000017679705502</controlfield><controlfield tag="005">20230502185749.0</controlfield><controlfield tag="008">940929r19711897sz ||||| |||| 00| ||fre d</controlfield><datafield ind1="7" ind2=" " tag="024"><subfield code="a">http://catalogue.bnf.fr/ark:/12148/cb35298874z</subfield><subfield code="2">uri</subfield></datafield><datafield ind1=" " ind2=" " tag="035"><subfield code="a">(swissbib)089194667-41slsp_network</subfield></datafield><datafield ind1=" " ind2=" " tag="035"><subfield code="a">089194667</subfield><subfield code="9">ExL</subfield></datafield><datafield ind1=" " ind2=" " tag="035"><subfield code="a">(RERO)1914865-41slsp</subfield></datafield><datafield ind1=" " ind2=" " tag="035"><subfield code="a">(EXLNZ-41SLSP_NETWORK)991144448229705501</subfield></datafield><datafield ind1=" " ind2=" " tag="040"><subfield code="a">RERO geullg</subfield><subfield code="d">CH-ZuSLS</subfield></datafield><datafield ind1=" " ind2=" " tag="044"><subfield code="a">sz</subfield><subfield code="c">ch-ge</subfield></datafield><datafield ind1=" " ind2="7" tag="072"><subfield code="a">fr</subfield><subfield code="2">rero</subfield></datafield><datafield ind1="1" ind2=" " tag="100"><subfield code="a">Gérardin, Jean</subfield><subfield code="d">18..-19..</subfield><subfield code="0">(IDREF)03041072X</subfield><subfield code="4">cre</subfield></datafield><datafield ind1="1" ind2="0" tag="245"><subfield code="a">Etude sur les bénéfices écclésiastiques aux XVIe et XVIIe siècles</subfield><subfield code="c">Jean Gérardin</subfield></datafield><datafield ind1=" " ind2="1" tag="264"><subfield code="a">Genève</subfield><subfield code="b">Slatkine Reprints</subfield><subfield code="c">1971</subfield></datafield><datafield ind1=" " ind2=" " tag="300"><subfield code="a">167 p.</subfield><subfield code="c">23 cm</subfield></datafield><datafield ind1=" " ind2=" " tag="336"><subfield code="b">txt</subfield><subfield code="2">rdacontent</subfield></datafield><datafield ind1=" " ind2=" " tag="337"><subfield code="b">n</subfield><subfield code="2">rdamedia</subfield></datafield><datafield ind1=" " ind2=" " tag="338"><subfield code="b">nc</subfield><subfield code="2">rdacarrier</subfield></datafield><datafield ind1=" " ind2=" " tag="534"><subfield code="p">Reprod. de l'éd. de:</subfield><subfield code="c">Nancy, 1897</subfield></datafield><datafield ind1=" " ind2="7" tag="650"><subfield code="a">Bénéfices ecclésiastiques</subfield><subfield code="0">(IDREF)02781596X</subfield><subfield code="2">idref</subfield></datafield><datafield ind1=" " ind2="7" tag="650"><subfield code="a">16e siècle-17e siècle</subfield><subfield code="2">idref</subfield></datafield><datafield ind1=" " ind2=" " tag="900"><subfield code="a">REROnoselfmerge</subfield></datafield></record>
</metadata></record>