<record><header><identifier>oai:alma.41SLSP_UGE:991000017779705502</identifier><datestamp>2023-03-01T01:09:20Z</datestamp><setSpec>uge_bcen_RapidILL_BOOK</setSpec><setSpec>uge_aaca_RapidILL_BOOK</setSpec><setSpec>uge_abels_RapidILL_BOOK</setSpec><setSpec>uge_dbu_RapidILL_BOOK</setSpec><setSpec>uge_cmu_RapidILL_BOOK</setSpec><setSpec>uge_mail_RapidILL_BOOK</setSpec><setSpec>UNIGE_ALL</setSpec><setSpec>uge_abbat_RapidILL_BOOK</setSpec><setSpec>uge_acar_RapidILL_BOOK</setSpec><setSpec>uge_aobs_RapidILL_BOOK</setSpec></header><metadata>
<record xmlns="http://www.loc.gov/MARC21/slim" xmlns:xsi="http://www.w3.org/2001/XMLSchema-instance" xsi:schemaLocation="http://www.loc.gov/MARC21/slim http://www.loc.gov/standards/marcxml/schema/MARC21slim.xsd"><leader>01302nam a2200349 c 4500</leader><controlfield tag="001">991000017779705502</controlfield><controlfield tag="005">20230201201136.0</controlfield><controlfield tag="008">201012t19821982fr ||||| |||| 00| ||fre d</controlfield><datafield ind1=" " ind2=" " tag="020"><subfield code="a">2010088069</subfield></datafield><datafield ind1=" " ind2=" " tag="035"><subfield code="a">(swissbib)233828761-41slsp_network</subfield></datafield><datafield ind1=" " ind2=" " tag="035"><subfield code="a">233828761</subfield><subfield code="9">ExL</subfield></datafield><datafield ind1=" " ind2=" " tag="035"><subfield code="a">(RERO)R004091266-41slsp</subfield></datafield><datafield ind1=" " ind2=" " tag="035"><subfield code="a">(NEBIS)000489157EBI01</subfield></datafield><datafield ind1=" " ind2=" " tag="035"><subfield code="a">(EXLNZ-41SLSP_NETWORK)991000630319705501</subfield></datafield><datafield ind1=" " ind2=" " tag="040"><subfield code="a">RERO geucue</subfield><subfield code="d">CH-ZuSLS</subfield></datafield><datafield ind1=" " ind2="7" tag="072"><subfield code="a">py</subfield><subfield code="2">rero</subfield></datafield><datafield ind1="0" ind2="0" tag="245"><subfield code="a">Vivre avec le nucléaire</subfield><subfield code="c">[ont collaboré à cet ouvrage : Bertin, Michel ... et al] ; préf. du professeur Louis Néel</subfield></datafield><datafield ind1=" " ind2="1" tag="264"><subfield code="a">Paris</subfield><subfield code="b">Hachette</subfield><subfield code="c">[1982]</subfield></datafield><datafield ind1=" " ind2="4" tag="264"><subfield code="c">©1982</subfield></datafield><datafield ind1=" " ind2=" " tag="300"><subfield code="a">537 S.</subfield><subfield code="c">18 cm</subfield><subfield code="b">Ill.</subfield></datafield><datafield ind1=" " ind2=" " tag="336"><subfield code="b">txt</subfield><subfield code="2">rdacontent</subfield></datafield><datafield ind1=" " ind2=" " tag="337"><subfield code="b">n</subfield><subfield code="2">rdamedia</subfield></datafield><datafield ind1=" " ind2=" " tag="338"><subfield code="b">nc</subfield><subfield code="2">rdacarrier</subfield></datafield><datafield ind1="1" ind2=" " tag="490"><subfield code="a">Pluriel</subfield><subfield code="v">8381</subfield></datafield><datafield ind1="0" ind2=" " tag="490"><subfield code="a">Collection Pluriel</subfield></datafield><datafield ind1=" " ind2="7" tag="650"><subfield code="a">énergie nucléaire - exploitation</subfield><subfield code="0">(RERO)A010078918</subfield><subfield code="2">rerovoc</subfield></datafield><datafield ind1=" " ind2="7" tag="650"><subfield code="a">Industrie</subfield><subfield code="0">(IDREF)027790215</subfield><subfield code="2">idref</subfield></datafield><datafield ind1=" " ind2="7" tag="650"><subfield code="a">GESUNDHEITSRISIKEN + GESUNDHEITSGEFÄHRDUNGEN</subfield><subfield code="9">ger</subfield><subfield code="0">(ETHUDK)000026386</subfield><subfield code="2">ethudk</subfield></datafield><datafield ind1=" " ind2="7" tag="650"><subfield code="a">KERNENERGIE (ENERGIETECHNIK)</subfield><subfield code="9">ger</subfield><subfield code="0">(ETHUDK)000027801</subfield><subfield code="2">ethudk</subfield></datafield><datafield ind1="1" ind2=" " tag="700"><subfield code="a">Bertin, Michel</subfield><subfield code="c">médecin</subfield><subfield code="d">1930-2020</subfield><subfield code="0">(IDREF)027992888</subfield></datafield><datafield ind1="1" ind2=" " tag="700"><subfield code="a">Néel, Louis</subfield><subfield code="0">(RERO)A003648878</subfield></datafield><datafield ind1=" " ind2="0" tag="830"><subfield code="a">Pluriel</subfield><subfield code="p">Hachette</subfield><subfield code="v">8381</subfield><subfield code="w">(RERO)R241812660-41slsp</subfield></datafield><datafield ind1=" " ind2=" " tag="900"><subfield code="a">REROnoselfmerge</subfield></datafield></record>
</metadata></record>