<record><header><identifier>oai:alma.41SLSP_UGE:991000018299705502</identifier><datestamp>2023-04-28T00:12:21Z</datestamp><setSpec>uge_bcen_RapidILL_BOOK</setSpec><setSpec>uge_aaca_RapidILL_BOOK</setSpec><setSpec>uge_abels_RapidILL_BOOK</setSpec><setSpec>uge_dbu_RapidILL_BOOK</setSpec><setSpec>uge_cmu_RapidILL_BOOK</setSpec><setSpec>uge_mail_RapidILL_BOOK</setSpec><setSpec>uge_abbat_RapidILL_BOOK</setSpec><setSpec>UNIGE_ALL</setSpec><setSpec>uge_acar_RapidILL_BOOK</setSpec><setSpec>uge_aobs_RapidILL_BOOK</setSpec></header><metadata>
<record xmlns="http://www.loc.gov/MARC21/slim" xmlns:xsi="http://www.w3.org/2001/XMLSchema-instance" xsi:schemaLocation="http://www.loc.gov/MARC21/slim http://www.loc.gov/standards/marcxml/schema/MARC21slim.xsd"><leader>03136nam a2200385 c 4500</leader><controlfield tag="001">991000018299705502</controlfield><controlfield tag="005">20230116191505.0</controlfield><controlfield tag="008">001026s1992    xxu||||| |||| 00| ||rus d</controlfield><datafield ind1=" " ind2=" " tag="020"><subfield code="a">5900245020</subfield></datafield><datafield ind1=" " ind2=" " tag="035"><subfield code="a">(swissbib)087234750-41slsp_network</subfield></datafield><datafield ind1=" " ind2=" " tag="035"><subfield code="a">087234750</subfield><subfield code="9">ExL</subfield></datafield><datafield ind1=" " ind2=" " tag="035"><subfield code="a">(RERO)1630235-41slsp</subfield></datafield><datafield ind1=" " ind2=" " tag="035"><subfield code="a">(EXLNZ-41SLSP_NETWORK)991119278099705501</subfield></datafield><datafield ind1=" " ind2=" " tag="040"><subfield code="a">RERO labcud</subfield><subfield code="d">CH-ZuSLS</subfield></datafield><datafield ind1=" " ind2="7" tag="072"><subfield code="a">ru</subfield><subfield code="2">rero</subfield></datafield><datafield ind1="0" ind2="0" tag="245"><subfield code="6">880-01</subfield><subfield code="a">Marina T︠S︡vetaeva</subfield><subfield code="b">1892 - 1992</subfield><subfield code="c">pod red. Svetlany Elʹnit︠s︡koĭ i Efima Ėtkinda = Marina Tsvetaeva : 1892 - 1992 / ed. by Svetlana Elnitsky and Efim Etkind</subfield></datafield><datafield ind1="0" ind2="0" tag="880"><subfield code="6">245-01/(N</subfield><subfield code="a">Марина Цветаева</subfield><subfield code="b">1892 - 1992</subfield><subfield code="c">под ред. Светланы Ельницкой и Ефима Эткинда = Marina Tsvetaeva : 1892 - 1992 / ed. by Svetlana Elnitsky and Efim Etkind</subfield></datafield><datafield ind1="1" ind2=" " tag="246"><subfield code="a">Marina Tsvetaeva</subfield><subfield code="b">1892 - 1992</subfield></datafield><datafield ind1="1" ind2=" " tag="246"><subfield code="a">Tsvetaeva</subfield></datafield><datafield ind1="1" ind2=" " tag="246"><subfield code="a">Marina Cvetaeva</subfield><subfield code="b">1892 - 1992 / pod red. Svetlany Elʹnickoj i Efima Ėtkinda = Marina Tsvetaeva : 1892 - 1992 / ed. by Svetlana Elnitsky and Efim Etkind</subfield></datafield><datafield ind1="1" ind2=" " tag="246"><subfield code="6">880-02</subfield><subfield code="a">Cvetaeva</subfield></datafield><datafield ind1="1" ind2=" " tag="880"><subfield code="6">246-02/(N</subfield><subfield code="a">Цветаева</subfield></datafield><datafield ind1=" " ind2="1" tag="264"><subfield code="a">Northfield Vermont</subfield><subfield code="b">Russian School of Norwich University</subfield><subfield code="c">1992</subfield></datafield><datafield ind1=" " ind2=" " tag="300"><subfield code="a">278 p.</subfield><subfield code="c">21 cm</subfield></datafield><datafield ind1=" " ind2=" " tag="336"><subfield code="b">txt</subfield><subfield code="2">rdacontent</subfield></datafield><datafield ind1=" " ind2=" " tag="337"><subfield code="b">n</subfield><subfield code="2">rdamedia</subfield></datafield><datafield ind1=" " ind2=" " tag="338"><subfield code="b">nc</subfield><subfield code="2">rdacarrier</subfield></datafield><datafield ind1="1" ind2=" " tag="490"><subfield code="6">880-03</subfield><subfield code="a">Norvičskie simpoziumy po russkoj literature i kul'ture</subfield><subfield code="v">tom 2</subfield></datafield><datafield ind1="0" ind2=" " tag="880"><subfield code="6">490-03/(N</subfield><subfield code="a">Норвичские симпозиумы по русской литературе и культуре</subfield><subfield code="v">том 2</subfield></datafield><datafield ind1="1" ind2="7" tag="600"><subfield code="a">Cvetaeva, Marina Ivanovna</subfield><subfield code="d">1892-1941</subfield><subfield code="0">(IDREF)027170845</subfield><subfield code="2">idref</subfield></datafield><datafield ind1=" " ind2="7" tag="655"><subfield code="a">Actes de congrès</subfield><subfield code="0">(IDREF)02886431X</subfield><subfield code="2">idref</subfield></datafield><datafield ind1="1" ind2=" " tag="700"><subfield code="6">880-04</subfield><subfield code="a">Elʹnickaâ, Svetlana Ivanovna</subfield><subfield code="0">(IDREF)095655093</subfield></datafield><datafield ind1="1" ind2=" " tag="880"><subfield code="6">700-04/(N</subfield><subfield code="a">Ельницкая, Светлана</subfield></datafield><datafield ind1=" " ind2="0" tag="830"><subfield code="6">880-06</subfield><subfield code="a">Norvichskie simpoziumy po russkoĭ literature i kulʹture</subfield><subfield code="v">2</subfield></datafield><datafield ind1=" " ind2="0" tag="880"><subfield code="6">830-06</subfield><subfield code="a">Норвичские симпозиумы по русской литературе и культуре</subfield><subfield code="v">2</subfield></datafield><datafield ind1=" " ind2=" " tag="900"><subfield code="a">REROnoselfmerge</subfield></datafield></record>
</metadata></record>