<record><header><identifier>oai:alma.41SLSP_UGE:991000018509705502</identifier><datestamp>2023-03-01T01:09:20Z</datestamp><setSpec>uge_bcen_RapidILL_BOOK</setSpec><setSpec>uge_aaca_RapidILL_BOOK</setSpec><setSpec>uge_abels_RapidILL_BOOK</setSpec><setSpec>uge_dbu_RapidILL_BOOK</setSpec><setSpec>uge_cmu_RapidILL_BOOK</setSpec><setSpec>uge_mail_RapidILL_BOOK</setSpec><setSpec>UNIGE_ALL</setSpec><setSpec>uge_abbat_RapidILL_BOOK</setSpec><setSpec>uge_aobs_RapidILL_BOOK</setSpec><setSpec>uge_acar_RapidILL_BOOK</setSpec></header><metadata>
<record xmlns="http://www.loc.gov/MARC21/slim" xmlns:xsi="http://www.w3.org/2001/XMLSchema-instance" xsi:schemaLocation="http://www.loc.gov/MARC21/slim http://www.loc.gov/standards/marcxml/schema/MARC21slim.xsd"><leader>02043nam a2200457uc 4500</leader><controlfield tag="001">991000018509705502</controlfield><controlfield tag="005">20210207212837.0</controlfield><controlfield tag="008">201011s1986    xxu    |      00| ||eng|d</controlfield><datafield ind1=" " ind2=" " tag="020"><subfield code="a">0121820343</subfield></datafield><datafield ind1="7" ind2=" " tag="024"><subfield code="a">http://catalogue.bnf.fr/ark:/12148/cb373706406</subfield><subfield code="2">uri</subfield></datafield><datafield ind1=" " ind2=" " tag="035"><subfield code="a">(swissbib)212078224-41slsp_network</subfield></datafield><datafield ind1=" " ind2=" " tag="035"><subfield code="a">212078224</subfield><subfield code="9">ExL</subfield></datafield><datafield ind1=" " ind2=" " tag="035"><subfield code="a">(NEBIS)000672307EBI01</subfield></datafield><datafield ind1=" " ind2=" " tag="035"><subfield code="a">(RERO)0812000-41slsp</subfield></datafield><datafield ind1=" " ind2=" " tag="035"><subfield code="a">(EXLNZ-41SLSP_NETWORK)991043222409705501</subfield></datafield><datafield ind1=" " ind2=" " tag="040"><subfield code="a">ETH-BIB</subfield><subfield code="b">ger</subfield><subfield code="e">ETHICS-ISBD</subfield><subfield code="d">CH-ZuSLS</subfield></datafield><datafield ind1=" " ind2="7" tag="072"><subfield code="a">bi</subfield><subfield code="2">rero</subfield></datafield><datafield ind1="0" ind2="0" tag="245"><subfield code="a">&lt;&lt;The&gt;&gt; contractile apparatus and the cytoskeleton</subfield><subfield code="c">ed. by Richard B. Vallee</subfield></datafield><datafield ind1=" " ind2="1" tag="264"><subfield code="a">Orlando [etc.]</subfield><subfield code="b">Academic Press</subfield><subfield code="c">1986</subfield></datafield><datafield ind1=" " ind2=" " tag="300"><subfield code="a">XXXI, 748 S.</subfield><subfield code="c">25 cm</subfield><subfield code="b">Ill.</subfield></datafield><datafield ind1=" " ind2=" " tag="336"><subfield code="b">txt</subfield><subfield code="2">rdacontent</subfield></datafield><datafield ind1=" " ind2=" " tag="337"><subfield code="b">n</subfield><subfield code="2">rdamedia</subfield></datafield><datafield ind1=" " ind2=" " tag="338"><subfield code="b">nc</subfield><subfield code="2">rdacarrier</subfield></datafield><datafield ind1="1" ind2=" " tag="490"><subfield code="a">Structural and contractile proteins</subfield><subfield code="v">part C</subfield></datafield><datafield ind1="1" ind2=" " tag="490"><subfield code="a">Methods in enzymology</subfield><subfield code="v">vol. 134</subfield></datafield><datafield ind1=" " ind2="7" tag="650"><subfield code="a">CYTOLOGISCHE METHODEN + CYTOLOGISCHE TECHNIKEN + CYTOLOGISCHE EXPERIMENTE</subfield><subfield code="9">ger</subfield><subfield code="0">(ETHUDK)000021335</subfield><subfield code="2">ethudk</subfield></datafield><datafield ind1=" " ind2="7" tag="650"><subfield code="a">CYTOSKELETT (CYTOLOGIE)</subfield><subfield code="9">ger</subfield><subfield code="0">(ETHUDK)000043554</subfield><subfield code="2">ethudk</subfield></datafield><datafield ind1=" " ind2="7" tag="650"><subfield code="a">CYTOSKELETTPROTEINE</subfield><subfield code="9">ger</subfield><subfield code="0">(ETHUDK)000057525</subfield><subfield code="2">ethudk</subfield></datafield><datafield ind1=" " ind2="7" tag="650"><subfield code="a">DYNEIN (PROTEINE)</subfield><subfield code="9">ger</subfield><subfield code="0">(ETHUDK)000022982</subfield><subfield code="2">ethudk</subfield></datafield><datafield ind1=" " ind2="7" tag="650"><subfield code="a">INTERMEDIÄRE FILAMENTE (CYTOLOGIE)</subfield><subfield code="9">ger</subfield><subfield code="0">(ETHUDK)000043555</subfield><subfield code="2">ethudk</subfield></datafield><datafield ind1=" " ind2="7" tag="650"><subfield code="a">METHODIK UND TECHNIKEN FÜR PROTEINE UND PEPTIDE</subfield><subfield code="9">ger</subfield><subfield code="0">(ETHUDK)000021744</subfield><subfield code="2">ethudk</subfield></datafield><datafield ind1=" " ind2="7" tag="650"><subfield code="a">MIKROTUBULI (CYTOLOGIE)</subfield><subfield code="9">ger</subfield><subfield code="0">(ETHUDK)000021611</subfield><subfield code="2">ethudk</subfield></datafield><datafield ind1=" " ind2="7" tag="650"><subfield code="a">MOLEKULARE ORGANISATION KONTRAKTILER STRUKTUREN + KONTRAKTILE PROTEINE (MOLEKULARBIOLOGIE)</subfield><subfield code="9">ger</subfield><subfield code="0">(ETHUDK)000022979</subfield><subfield code="2">ethudk</subfield></datafield><datafield ind1=" " ind2="7" tag="650"><subfield code="a">TUBULINE (PROTEINE)</subfield><subfield code="9">ger</subfield><subfield code="0">(ETHUDK)000022981</subfield><subfield code="2">ethudk</subfield></datafield><datafield ind1=" " ind2="2" tag="650"><subfield code="a">Contractile Proteins</subfield></datafield><datafield ind1=" " ind2="2" tag="650"><subfield code="a">Cytoskeleton</subfield></datafield><datafield ind1=" " ind2="2" tag="650"><subfield code="a">Cytoskeletal Proteins</subfield></datafield><datafield ind1=" " ind2=" " tag="690"><subfield code="a">577.150.8</subfield><subfield code="d">Enzyme (Methoden)</subfield><subfield code="2">uzb-UE</subfield></datafield><datafield ind1="1" ind2=" " tag="700"><subfield code="a">Vallee, Richard B.</subfield><subfield code="0">(IDREF)031585183</subfield></datafield><datafield ind1=" " ind2="0" tag="830"><subfield code="a">Structural and contractile proteins</subfield><subfield code="v">C</subfield><subfield code="w">(NEBIS)000922274EBI01</subfield></datafield><datafield ind1=" " ind2="0" tag="830"><subfield code="a">Methods in enzymology</subfield><subfield code="v">134</subfield><subfield code="w">(NEBIS)000050760EBI01</subfield></datafield><datafield ind1=" " ind2=" " tag="900"><subfield code="a">REROnoselfmerge</subfield></datafield></record>
</metadata></record>