<record><header><identifier>oai:alma.41SLSP_UGE:991000017879705502</identifier><datestamp>2023-03-01T01:09:20Z</datestamp><setSpec>uge_bcen_RapidILL_BOOK</setSpec><setSpec>uge_aaca_RapidILL_BOOK</setSpec><setSpec>uge_abels_RapidILL_BOOK</setSpec><setSpec>uge_dbu_RapidILL_BOOK</setSpec><setSpec>uge_cmu_RapidILL_BOOK</setSpec><setSpec>uge_mail_RapidILL_BOOK</setSpec><setSpec>UNIGE_ALL</setSpec><setSpec>uge_abbat_RapidILL_BOOK</setSpec><setSpec>uge_aobs_RapidILL_BOOK</setSpec><setSpec>uge_acar_RapidILL_BOOK</setSpec></header><metadata>
<record xmlns="http://www.loc.gov/MARC21/slim" xmlns:xsi="http://www.w3.org/2001/XMLSchema-instance" xsi:schemaLocation="http://www.loc.gov/MARC21/slim http://www.loc.gov/standards/marcxml/schema/MARC21slim.xsd"><leader>03164nam a2200865 c 4500</leader><controlfield tag="001">991000017879705502</controlfield><controlfield tag="005">20230223210836.0</controlfield><controlfield tag="008">201012s1996    gw ||||| |||| 00| ||ger d</controlfield><datafield ind1=" " ind2=" " tag="015"><subfield code="a">96,N26,0605</subfield></datafield><datafield ind1=" " ind2=" " tag="020"><subfield code="a">3484311762</subfield><subfield code="q">kart.</subfield></datafield><datafield ind1=" " ind2=" " tag="035"><subfield code="a">(swissbib)233085815-41slsp_network</subfield></datafield><datafield ind1=" " ind2=" " tag="035"><subfield code="a">233085815</subfield><subfield code="9">ExL</subfield></datafield><datafield ind1=" " ind2=" " tag="035"><subfield code="a">(RERO)2259023-41slsp</subfield></datafield><datafield ind1=" " ind2=" " tag="035"><subfield code="a">(NEBIS)001639239EBI01</subfield></datafield><datafield ind1=" " ind2=" " tag="035"><subfield code="a">(IDSBB)001284614DSV01</subfield></datafield><datafield ind1=" " ind2=" " tag="035"><subfield code="a">(EXLNZ-41SLSP_NETWORK)991120693679705501</subfield></datafield><datafield ind1=" " ind2=" " tag="040"><subfield code="a">RERO frbcuc</subfield><subfield code="d">CH-ZuSLS</subfield></datafield><datafield ind1=" " ind2="7" tag="072"><subfield code="a">al</subfield><subfield code="2">rero</subfield></datafield><datafield ind1=" " ind2="7" tag="072"><subfield code="a">lg</subfield><subfield code="2">rero</subfield></datafield><datafield ind1=" " ind2="7" tag="072"><subfield code="a">dn</subfield><subfield code="2">SzZuIDS BS/BE</subfield></datafield><datafield ind1="0" ind2="4" tag="082"><subfield code="a">430.41</subfield><subfield code="b">F631u</subfield><subfield code="2">21</subfield></datafield><datafield ind1="1" ind2="4" tag="082"><subfield code="a">430</subfield><subfield code="2">15</subfield></datafield><datafield ind1=" " ind2=" " tag="084"><subfield code="a">ES 155</subfield><subfield code="2">rvk</subfield></datafield><datafield ind1=" " ind2=" " tag="084"><subfield code="a">ES 425</subfield><subfield code="2">rvk</subfield></datafield><datafield ind1=" " ind2=" " tag="084"><subfield code="a">ET 785</subfield><subfield code="2">rvk</subfield></datafield><datafield ind1=" " ind2=" " tag="084"><subfield code="a">GC 7365</subfield><subfield code="2">rvk</subfield></datafield><datafield ind1=" " ind2=" " tag="084"><subfield code="a">GC 7370</subfield><subfield code="2">rvk</subfield></datafield><datafield ind1="1" ind2=" " tag="100"><subfield code="a">Fleskes, Gabriele</subfield><subfield code="d">19..-....</subfield><subfield code="0">(IDREF)086006711</subfield><subfield code="4">cre</subfield></datafield><datafield ind1="1" ind2="0" tag="245"><subfield code="a">Untersuchungen zur Textsortengeschichte im 19. Jahrhundert</subfield><subfield code="b">am Beispiel der ersten deutschen Eisenbahnen</subfield><subfield code="c">Gabriele Fleskes</subfield></datafield><datafield ind1=" " ind2="1" tag="264"><subfield code="a">Tübingen</subfield><subfield code="b">M. Niemeyer</subfield><subfield code="c">1996</subfield></datafield><datafield ind1=" " ind2=" " tag="300"><subfield code="a">444 S.</subfield><subfield code="c">22 cm</subfield></datafield><datafield ind1=" " ind2=" " tag="336"><subfield code="b">txt</subfield><subfield code="2">rdacontent</subfield></datafield><datafield ind1=" " ind2=" " tag="337"><subfield code="b">n</subfield><subfield code="2">rdamedia</subfield></datafield><datafield ind1=" " ind2=" " tag="338"><subfield code="b">nc</subfield><subfield code="2">rdacarrier</subfield></datafield><datafield ind1="1" ind2=" " tag="490"><subfield code="a">Reihe germanistische Linguistik</subfield><subfield code="v">176</subfield></datafield><datafield ind1=" " ind2=" " tag="502"><subfield code="a">Leicht gekürzte Diss., Univ. Göttingen, 1993</subfield></datafield><datafield ind1=" " ind2=" " tag="502"><subfield code="a">Zugl.: Diss phil. I Göttingen, 1993</subfield></datafield><datafield ind1=" " ind2=" " tag="504"><subfield code="a">Literaturverz.</subfield></datafield><datafield ind1="2" ind2="7" tag="610"><subfield code="a">Königlich Bayerische Verkehrsanstalten</subfield><subfield code="0">(DE-588)1095845-9</subfield><subfield code="2">gnd</subfield></datafield><datafield ind1="2" ind2="7" tag="610"><subfield code="a">Ludwigs-Eisenbahngesellschaft</subfield><subfield code="0">(DE-588)4101575-7</subfield><subfield code="2">gnd</subfield></datafield><datafield ind1=" " ind2="7" tag="648"><subfield code="a">Geschichte</subfield><subfield code="2">idszbz</subfield></datafield><datafield ind1=" " ind2="7" tag="648"><subfield code="a">Geschichte 1800-1900</subfield><subfield code="2">idszbz</subfield></datafield><datafield ind1=" " ind2="7" tag="648"><subfield code="a">Geschichte 1830-1880</subfield><subfield code="2">gnd</subfield></datafield><datafield ind1=" " ind2="7" tag="650"><subfield code="a">Allemand (langue)</subfield><subfield code="0">(IDREF)027789829</subfield><subfield code="2">idref</subfield></datafield><datafield ind1=" " ind2="7" tag="650"><subfield code="a">Analyse du discours</subfield><subfield code="0">(IDREF)18911052X</subfield><subfield code="2">idref</subfield></datafield><datafield ind1=" " ind2="7" tag="650"><subfield code="a">19e siècle</subfield><subfield code="0">(IDREF)027794059</subfield><subfield code="2">idref</subfield></datafield><datafield ind1=" " ind2="7" tag="650"><subfield code="a">Chemins de fer</subfield><subfield code="0">(IDREF)027222799</subfield><subfield code="2">idref</subfield></datafield><datafield ind1=" " ind2="7" tag="650"><subfield code="a">Langues de spécialité</subfield><subfield code="0">(IDREF)029667356</subfield><subfield code="2">idref</subfield></datafield><datafield ind1=" " ind2="7" tag="650"><subfield code="a">Deutsch</subfield><subfield code="2">idszbz</subfield></datafield><datafield ind1=" " ind2="7" tag="650"><subfield code="a">Eisenbahn</subfield><subfield code="2">idszbz</subfield></datafield><datafield ind1=" " ind2="7" tag="650"><subfield code="a">Motiv (Literatur)</subfield><subfield code="2">idszbz</subfield></datafield><datafield ind1=" " ind2="7" tag="650"><subfield code="a">Textsorte</subfield><subfield code="2">idszbz</subfield></datafield><datafield ind1=" " ind2="7" tag="650"><subfield code="a">Wortschatz</subfield><subfield code="2">idszbz</subfield></datafield><datafield ind1=" " ind2="7" tag="650"><subfield code="a">Deutsch</subfield><subfield code="0">(DE-588)4113292-0</subfield><subfield code="2">gnd</subfield></datafield><datafield ind1=" " ind2="7" tag="650"><subfield code="a">Eisenbahn</subfield><subfield code="0">(DE-588)4014015-5</subfield><subfield code="2">gnd</subfield></datafield><datafield ind1=" " ind2="7" tag="650"><subfield code="a">Eisenbahngesellschaft</subfield><subfield code="0">(DE-588)4268553-9</subfield><subfield code="2">gnd</subfield></datafield><datafield ind1=" " ind2="7" tag="650"><subfield code="a">Fachsprache</subfield><subfield code="0">(DE-588)4016216-3</subfield><subfield code="2">gnd</subfield></datafield><datafield ind1=" " ind2="7" tag="650"><subfield code="a">Gebrauchstext</subfield><subfield code="0">(DE-588)4130591-7</subfield><subfield code="2">gnd</subfield></datafield><datafield ind1=" " ind2="7" tag="650"><subfield code="a">Textproduktion</subfield><subfield code="0">(DE-588)4184945-0</subfield><subfield code="2">gnd</subfield></datafield><datafield ind1=" " ind2="7" tag="650"><subfield code="a">Textsorte</subfield><subfield code="0">(DE-588)4059664-3</subfield><subfield code="2">gnd</subfield></datafield><datafield ind1=" " ind2="0" tag="650"><subfield code="a">German language</subfield><subfield code="x">Discourse analysis</subfield></datafield><datafield ind1=" " ind2="0" tag="650"><subfield code="a">German language</subfield><subfield code="x">Technical German</subfield></datafield><datafield ind1=" " ind2="0" tag="650"><subfield code="a">German language</subfield><subfield code="y">19th century</subfield></datafield><datafield ind1=" " ind2="0" tag="650"><subfield code="a">Railroads</subfield><subfield code="x">Language</subfield></datafield><datafield ind1=" " ind2="0" tag="650"><subfield code="a">Railroads</subfield><subfield code="z">Germany</subfield><subfield code="x">History</subfield><subfield code="y">19th century</subfield></datafield><datafield ind1=" " ind2="7" tag="650"><subfield code="a">Deutsche Sprache</subfield><subfield code="x">Textsorte</subfield><subfield code="y">Geschichte 19. Jh</subfield><subfield code="2">idsbb</subfield></datafield><datafield ind1=" " ind2="7" tag="651"><subfield code="a">Deutschland</subfield><subfield code="0">(DE-588)4011882-4</subfield><subfield code="2">gnd</subfield></datafield><datafield ind1=" " ind2="7" tag="655"><subfield code="a">Hochschulschrift</subfield><subfield code="2">gnd-content</subfield></datafield><datafield ind1=" " ind2=" " tag="690"><subfield code="a">Textlinguistik</subfield><subfield code="2">uzb-UG</subfield></datafield><datafield ind1=" " ind2=" " tag="690"><subfield code="a">Textsorte</subfield><subfield code="2">uzb-UG</subfield></datafield><datafield ind1=" " ind2=" " tag="690"><subfield code="a">Technik</subfield><subfield code="2">uzb-UG</subfield></datafield><datafield ind1=" " ind2=" " tag="690"><subfield code="a">Sprachgeschichte</subfield><subfield code="2">uzb-UG</subfield></datafield><datafield ind1=" " ind2=" " tag="690"><subfield code="a">1800-1900</subfield><subfield code="2">uzb-UG</subfield></datafield><datafield ind1=" " ind2=" " tag="690"><subfield code="a">Industrialisierung</subfield><subfield code="2">uzb-UG</subfield></datafield><datafield ind1=" " ind2=" " tag="830"><subfield code="a">Reihe Germanistische Linguistik</subfield><subfield code="v">176</subfield><subfield code="w">(RERO)0123936-41slsp</subfield></datafield><datafield ind1=" " ind2=" " tag="900"><subfield code="a">REROnoselfmerge</subfield></datafield></record>
</metadata></record>