<record><header><identifier>oai:alma.41SLSP_UGE:991000018009705502</identifier><datestamp>2024-09-21T00:21:54Z</datestamp><setSpec>uge_bcen_RapidILL_BOOK</setSpec><setSpec>uge_aaca_RapidILL_BOOK</setSpec><setSpec>uge_abels_RapidILL_BOOK</setSpec><setSpec>uge_dbu_RapidILL_BOOK</setSpec><setSpec>uge_cmu_RapidILL_BOOK</setSpec><setSpec>uge_mail_RapidILL_BOOK</setSpec><setSpec>uge_abbat_RapidILL_BOOK</setSpec><setSpec>UNIGE_ALL</setSpec><setSpec>uge_aobs_RapidILL_BOOK</setSpec><setSpec>uge_acar_RapidILL_BOOK</setSpec></header><metadata>
<record xmlns="http://www.loc.gov/MARC21/slim" xmlns:xsi="http://www.w3.org/2001/XMLSchema-instance" xsi:schemaLocation="http://www.loc.gov/MARC21/slim http://www.loc.gov/standards/marcxml/schema/MARC21slim.xsd"><leader>01756nam a2200445 c 4500</leader><controlfield tag="001">991000018009705502</controlfield><controlfield tag="005">20240920202917.0</controlfield><controlfield tag="008">201011s1957    gw ||||| |||| 00| ||ger d</controlfield><datafield ind1=" " ind2=" " tag="035"><subfield code="a">(swissbib)232150435-41slsp_network</subfield></datafield><datafield ind1=" " ind2=" " tag="035"><subfield code="a">232150435</subfield><subfield code="9">ExL</subfield></datafield><datafield ind1=" " ind2=" " tag="035"><subfield code="a">(RERO)0758843-41slsp</subfield></datafield><datafield ind1=" " ind2=" " tag="035"><subfield code="a">(NEBIS)003195326EBI01</subfield></datafield><datafield ind1=" " ind2=" " tag="035"><subfield code="a">(IDSBB)000254277DSV01</subfield></datafield><datafield ind1=" " ind2=" " tag="035"><subfield code="a">(EXLNZ-41SLSP_NETWORK)991128234069705501</subfield></datafield><datafield ind1=" " ind2=" " tag="040"><subfield code="a">RERO labcud</subfield><subfield code="d">CH-ZuSLS</subfield></datafield><datafield ind1=" " ind2="7" tag="072"><subfield code="a">th</subfield><subfield code="2">rero</subfield></datafield><datafield ind1=" " ind2="7" tag="072"><subfield code="a">th</subfield><subfield code="2">SzZuIDS BS/BE</subfield></datafield><datafield ind1="1" ind2=" " tag="080"><subfield code="a">(05):22WUNT-1</subfield></datafield><datafield ind1="1" ind2=" " tag="100"><subfield code="a">Nauck, Wolfgang</subfield><subfield code="d">19..-....</subfield><subfield code="0">(IDREF)129120588</subfield><subfield code="4">cre</subfield></datafield><datafield ind1="1" ind2="0" tag="245"><subfield code="a">&lt;&lt;Die&gt;&gt; Tradition und der Charakter des ersten Johannesbriefes</subfield><subfield code="b">zugleich ein Beitrag zur Taufe im Urchristentum und in der alten Kirche</subfield><subfield code="c">von Wolfgang Nauck</subfield></datafield><datafield ind1=" " ind2="1" tag="264"><subfield code="a">Tübingen</subfield><subfield code="b">J.C.B. Mohr</subfield><subfield code="c">1957</subfield></datafield><datafield ind1=" " ind2=" " tag="300"><subfield code="a">VIII, 192 p.</subfield><subfield code="c">25 cm</subfield></datafield><datafield ind1=" " ind2=" " tag="336"><subfield code="b">txt</subfield><subfield code="2">rdacontent</subfield></datafield><datafield ind1=" " ind2=" " tag="337"><subfield code="b">n</subfield><subfield code="2">rdamedia</subfield></datafield><datafield ind1=" " ind2=" " tag="338"><subfield code="b">nc</subfield><subfield code="2">rdacarrier</subfield></datafield><datafield ind1="1" ind2=" " tag="490"><subfield code="a">Wissenschaftliche Untersuchungen zum Neuen Testament</subfield><subfield code="v">3</subfield></datafield><datafield ind1=" " ind2=" " tag="502"><subfield code="a">Zugl.: Habil.-Schr. Theol. Tübingen, 1954/55</subfield></datafield><datafield ind1="0" ind2="7" tag="600"><subfield code="a">Johannes</subfield><subfield code="x">Briefe</subfield><subfield code="2">idsbb</subfield></datafield><datafield ind1="0" ind2="7" tag="630"><subfield code="a">Bible</subfield><subfield code="p">NT</subfield><subfield code="p">Jean (épîtres) I</subfield><subfield code="0">(RERO)A010052896</subfield><subfield code="2">rero</subfield></datafield><datafield ind1=" " ind2="4" tag="648"><subfield code="a">Geschichte</subfield></datafield><datafield ind1=" " ind2="7" tag="650"><subfield code="a">Baptême</subfield><subfield code="0">(IDREF)027660591</subfield><subfield code="2">idref</subfield></datafield><datafield ind1=" " ind2="7" tag="650"><subfield code="a">Critique rédactionnelle</subfield><subfield code="0">(IDREF)02898482X</subfield><subfield code="2">idref</subfield></datafield><datafield ind1=" " ind2="7" tag="650"><subfield code="a">Église</subfield><subfield code="y">30-600 (Église primitive)</subfield><subfield code="0">(IDREF)027288471</subfield><subfield code="2">idref</subfield></datafield><datafield ind1=" " ind2="4" tag="650"><subfield code="a">Tradition</subfield></datafield><datafield ind1=" " ind2="7" tag="655"><subfield code="a">Hochschulschrift</subfield><subfield code="2">gnd-content</subfield></datafield><datafield ind1=" " ind2=" " tag="690"><subfield code="a">Johannesbrief (1.) / Einzelne Fragen</subfield><subfield code="2">uzb-Z9</subfield></datafield><datafield ind1=" " ind2=" " tag="690"><subfield code="a">Taufe / Geschichte</subfield><subfield code="2">uzb-Z9</subfield></datafield><datafield ind1=" " ind2=" " tag="690"><subfield code="a">Urchristentum / Einzelne Fragen / Taufe</subfield><subfield code="2">uzb-Z9</subfield></datafield><datafield ind1=" " ind2="0" tag="830"><subfield code="a">Wissenschaftliche Untersuchungen zum Neuen Testament</subfield><subfield code="v">3</subfield><subfield code="w">(NEBIS)000987185EBI01</subfield></datafield><datafield ind1=" " ind2=" " tag="900"><subfield code="a">REROnoselfmerge</subfield></datafield><datafield ind1=" " ind2=" " tag="900"><subfield code="a">IDSZRMedeaZBZ</subfield></datafield></record>
</metadata></record>