<record><header><identifier>oai:alma.41SLSP_UGE:991000017899705502</identifier><datestamp>2024-09-13T00:10:40Z</datestamp><setSpec>uge_bcen_RapidILL_BOOK</setSpec><setSpec>uge_aaca_RapidILL_BOOK</setSpec><setSpec>uge_abels_RapidILL_BOOK</setSpec><setSpec>uge_dbu_RapidILL_BOOK</setSpec><setSpec>uge_cmu_RapidILL_BOOK</setSpec><setSpec>uge_mail_RapidILL_BOOK</setSpec><setSpec>uge_abbat_RapidILL_BOOK</setSpec><setSpec>UNIGE_ALL</setSpec><setSpec>uge_aobs_RapidILL_BOOK</setSpec><setSpec>uge_acar_RapidILL_BOOK</setSpec></header><metadata>
<record xmlns="http://www.loc.gov/MARC21/slim" xmlns:xsi="http://www.w3.org/2001/XMLSchema-instance" xsi:schemaLocation="http://www.loc.gov/MARC21/slim http://www.loc.gov/standards/marcxml/schema/MARC21slim.xsd"><leader>01991nam a2200589 c 4500</leader><controlfield tag="001">991000017899705502</controlfield><controlfield tag="005">20240912202057.0</controlfield><controlfield tag="008">201012s1977    gw ||||| |||| 00| ||ger d</controlfield><datafield ind1=" " ind2=" " tag="020"><subfield code="a">3534044576</subfield></datafield><datafield ind1=" " ind2=" " tag="035"><subfield code="a">(swissbib)236318225-41slsp_network</subfield></datafield><datafield ind1=" " ind2=" " tag="035"><subfield code="a">236318225</subfield><subfield code="9">ExL</subfield></datafield><datafield ind1=" " ind2=" " tag="035"><subfield code="a">(RERO)0736499-41slsp</subfield></datafield><datafield ind1=" " ind2=" " tag="035"><subfield code="a">(IDSBB)000472005DSV01</subfield></datafield><datafield ind1=" " ind2=" " tag="035"><subfield code="a">(NEBIS)003143576EBI01</subfield></datafield><datafield ind1=" " ind2=" " tag="035"><subfield code="a">(IDSLU)000141327ILU01</subfield></datafield><datafield ind1=" " ind2=" " tag="035"><subfield code="a">(EXLNZ-41SLSP_NETWORK)991140506679705501</subfield></datafield><datafield ind1=" " ind2=" " tag="040"><subfield code="a">RERO labcud</subfield><subfield code="d">CH-ZuSLS</subfield></datafield><datafield ind1=" " ind2="7" tag="072"><subfield code="a">th</subfield><subfield code="2">rero</subfield></datafield><datafield ind1=" " ind2="7" tag="072"><subfield code="a">th</subfield><subfield code="2">SzZuIDS BS/BE</subfield></datafield><datafield ind1=" " ind2="7" tag="072"><subfield code="a">710</subfield><subfield code="2">IDS LU</subfield></datafield><datafield ind1="1" ind2=" " tag="080"><subfield code="a">934.3</subfield></datafield><datafield ind1="0" ind2="4" tag="082"><subfield code="a">892.1</subfield></datafield><datafield ind1="1" ind2="4" tag="082"><subfield code="a">291.13</subfield><subfield code="2">21</subfield></datafield><datafield ind1=" " ind2=" " tag="084"><subfield code="a">6,22</subfield><subfield code="2">ssgn</subfield></datafield><datafield ind1=" " ind2=" " tag="084"><subfield code="a">BC 1070</subfield><subfield code="2">rvk</subfield></datafield><datafield ind1=" " ind2=" " tag="084"><subfield code="a">BC 8313</subfield><subfield code="2">rvk</subfield></datafield><datafield ind1=" " ind2=" " tag="084"><subfield code="a">EM 2060</subfield><subfield code="2">rvk</subfield></datafield><datafield ind1=" " ind2=" " tag="084"><subfield code="a">EM 2400</subfield><subfield code="2">rvk</subfield></datafield><datafield ind1="0" ind2="0" tag="245"><subfield code="a">&lt;&lt;Das&gt;&gt; Gilgamesch-Epos</subfield><subfield code="c">hrsg. von Karl Oberhuber</subfield></datafield><datafield ind1=" " ind2="1" tag="264"><subfield code="a">Darmstadt</subfield><subfield code="b">Wissenschaftliche Buchgesellschaft</subfield><subfield code="c">1977</subfield></datafield><datafield ind1=" " ind2=" " tag="300"><subfield code="a">XXVI, 445 p.</subfield><subfield code="c">20 cm</subfield></datafield><datafield ind1=" " ind2=" " tag="336"><subfield code="b">txt</subfield><subfield code="2">rdacontent</subfield></datafield><datafield ind1=" " ind2=" " tag="337"><subfield code="b">n</subfield><subfield code="2">rdamedia</subfield></datafield><datafield ind1=" " ind2=" " tag="338"><subfield code="b">nc</subfield><subfield code="2">rdacarrier</subfield></datafield><datafield ind1="1" ind2=" " tag="490"><subfield code="a">Wege der Forschung</subfield><subfield code="v">Bd. 215</subfield></datafield><datafield ind1="0" ind2="7" tag="630"><subfield code="a">Gilgamesh</subfield><subfield code="0">(IDREF)02819960X</subfield><subfield code="2">idref</subfield></datafield><datafield ind1="0" ind2="7" tag="630"><subfield code="a">Gilgamesch und Agga von Kisch</subfield><subfield code="0">(DE-588)4157352-3</subfield><subfield code="2">gnd</subfield></datafield><datafield ind1="0" ind2="7" tag="630"><subfield code="a">Gilgamesch-Epos</subfield><subfield code="0">(DE-588)4138528-7</subfield><subfield code="2">gnd</subfield></datafield><datafield ind1="0" ind2="0" tag="630"><subfield code="a">Gilgamesh</subfield></datafield><datafield ind1=" " ind2="7" tag="650"><subfield code="a">Gilgamesch</subfield><subfield code="2">idsbb</subfield></datafield><datafield ind1=" " ind2="0" tag="650"><subfield code="a">Epic poetry, Assyro-Babylonian</subfield><subfield code="x">History and criticism</subfield></datafield><datafield ind1=" " ind2="7" tag="651"><subfield code="a">Babylonien</subfield><subfield code="0">(DE-588)4004102-5</subfield><subfield code="2">gnd</subfield></datafield><datafield ind1=" " ind2="7" tag="655"><subfield code="a">[Études diverses]</subfield><subfield code="0">(RERO)A022249905</subfield><subfield code="2">rero</subfield></datafield><datafield ind1=" " ind2="7" tag="655"><subfield code="a">Aufsatzsammlung</subfield><subfield code="2">gnd-content</subfield></datafield><datafield ind1=" " ind2=" " tag="690"><subfield code="a">Gilgamesch-Epos</subfield><subfield code="2">uzb-Z9</subfield></datafield><datafield ind1="1" ind2=" " tag="700"><subfield code="a">Oberhuber, Karl</subfield><subfield code="d">1915-1997</subfield><subfield code="0">(DE-588)136105947</subfield><subfield code="6">880-02</subfield></datafield><datafield ind1="1" ind2=" " tag="880"><subfield code="6">700-02</subfield><subfield code="a">Oberhuber, Karl</subfield><subfield code="d">1915-....</subfield><subfield code="0">(IDREF)030699274</subfield></datafield><datafield ind1="0" ind2=" " tag="730"><subfield code="a">Gilgamesch-Epos</subfield><subfield code="0">(DE-588)4138528-7</subfield></datafield><datafield ind1=" " ind2=" " tag="830"><subfield code="a">Wege der Forschung</subfield><subfield code="v">215</subfield><subfield code="w">(IDSBB)000006852DSV01</subfield></datafield><datafield ind1=" " ind2=" " tag="830"><subfield code="a">Wege der Forschung</subfield><subfield code="v">215</subfield><subfield code="w">(IDSLU)000204019ILU01</subfield></datafield><datafield ind1=" " ind2=" " tag="830"><subfield code="a">Wege der Forschung</subfield><subfield code="v">215</subfield><subfield code="w">(RERO)0005017-41slsp</subfield></datafield><datafield ind1=" " ind2=" " tag="900"><subfield code="a">REROnoselfmerge</subfield></datafield><datafield ind1=" " ind2=" " tag="900"><subfield code="a">IDSZRMedeaZBZ</subfield></datafield></record>
</metadata></record>