<record><header><identifier>oai:alma.41SLSP_UGE:991000018209705502</identifier><datestamp>2023-03-01T01:09:20Z</datestamp><setSpec>uge_bcen_RapidILL_BOOK</setSpec><setSpec>uge_aaca_RapidILL_BOOK</setSpec><setSpec>uge_abels_RapidILL_BOOK</setSpec><setSpec>uge_dbu_RapidILL_BOOK</setSpec><setSpec>uge_cmu_RapidILL_BOOK</setSpec><setSpec>uge_mail_RapidILL_BOOK</setSpec><setSpec>UNIGE_ALL</setSpec><setSpec>uge_abbat_RapidILL_BOOK</setSpec><setSpec>uge_aobs_RapidILL_BOOK</setSpec><setSpec>uge_acar_RapidILL_BOOK</setSpec></header><metadata>
<record xmlns="http://www.loc.gov/MARC21/slim" xmlns:xsi="http://www.w3.org/2001/XMLSchema-instance" xsi:schemaLocation="http://www.loc.gov/MARC21/slim http://www.loc.gov/standards/marcxml/schema/MARC21slim.xsd"><leader>01353nam a2200349 c 4500</leader><controlfield tag="001">991000018209705502</controlfield><controlfield tag="005">20201230223929.0</controlfield><controlfield tag="008">201011m20072008fr ||||| |||| 00| ||fre d</controlfield><datafield ind1=" " ind2=" " tag="020"><subfield code="a">9782729836672</subfield><subfield code="q">vol.1 ; Eur 15.00</subfield></datafield><datafield ind1=" " ind2=" " tag="020"><subfield code="a">9782729837372</subfield><subfield code="q">vol.2 ; Eur 15.00</subfield></datafield><datafield ind1=" " ind2=" " tag="035"><subfield code="a">(swissbib)221502270-41slsp_network</subfield></datafield><datafield ind1=" " ind2=" " tag="035"><subfield code="a">221502270</subfield><subfield code="9">ExL</subfield></datafield><datafield ind1=" " ind2=" " tag="035"><subfield code="a">(RERO)R004665825-41slsp</subfield></datafield><datafield ind1=" " ind2=" " tag="035"><subfield code="a">(NEBIS)005510362EBI01</subfield></datafield><datafield ind1=" " ind2=" " tag="035"><subfield code="a">(EXLNZ-41SLSP_NETWORK)991120849689705501</subfield></datafield><datafield ind1=" " ind2=" " tag="040"><subfield code="a">RERO geussm</subfield><subfield code="d">CH-ZuSLS</subfield></datafield><datafield ind1=" " ind2="7" tag="072"><subfield code="a">ma</subfield><subfield code="2">rero</subfield></datafield><datafield ind1=" " ind2=" " tag="084"><subfield code="a">93</subfield><subfield code="2">msc</subfield></datafield><datafield ind1="1" ind2=" " tag="100"><subfield code="a">Hiriart-Urruty, Jean-Baptiste</subfield><subfield code="d">1949-....</subfield><subfield code="0">(IDREF)029384052</subfield><subfield code="4">cre</subfield></datafield><datafield ind1="1" ind2="0" tag="245"><subfield code="a">&lt;&lt;Les&gt;&gt; mathématiques du mieux faire</subfield><subfield code="c">Jean-Baptiste Hiriart-Urruty</subfield></datafield><datafield ind1=" " ind2="1" tag="264"><subfield code="a">Paris</subfield><subfield code="b">Ellipses</subfield><subfield code="c">2007-2008</subfield></datafield><datafield ind1=" " ind2=" " tag="300"><subfield code="a">2 vol.</subfield><subfield code="b">ill.</subfield></datafield><datafield ind1=" " ind2=" " tag="336"><subfield code="b">txt</subfield><subfield code="2">rdacontent</subfield></datafield><datafield ind1=" " ind2=" " tag="337"><subfield code="b">n</subfield><subfield code="2">rdamedia</subfield></datafield><datafield ind1=" " ind2=" " tag="338"><subfield code="b">nc</subfield><subfield code="2">rdacarrier</subfield></datafield><datafield ind1="1" ind2=" " tag="490"><subfield code="a">Opuscules</subfield><subfield code="v">8-9</subfield></datafield><datafield ind1="0" ind2="0" tag="505"><subfield code="g">Vol. 1</subfield><subfield code="t">Premiers pas en optimisation</subfield></datafield><datafield ind1="0" ind2="0" tag="505"><subfield code="g">Vol. 2</subfield><subfield code="t">&lt;&lt;La&gt;&gt; commande optimale pour les débutants</subfield></datafield><datafield ind1=" " ind2="7" tag="650"><subfield code="a">COMMANDE OPTIMALE (THÉORIE MATHÉMATIQUE DE LA COMMANDE)</subfield><subfield code="9">fre</subfield><subfield code="0">(ETHUDK)000013419</subfield><subfield code="2">ethudk</subfield></datafield><datafield ind1=" " ind2="7" tag="650"><subfield code="a">OPTIMISATION MATHÉMATIQUE (RECHERCHE OPÉRATIONNELLE)</subfield><subfield code="9">fre</subfield><subfield code="0">(ETHUDK)000013853</subfield><subfield code="2">ethudk</subfield></datafield><datafield ind1=" " ind2=" " tag="830"><subfield code="a">Opuscules</subfield><subfield code="p">Ellipses</subfield><subfield code="v">8-9</subfield><subfield code="w">(RERO)R003119787-41slsp</subfield></datafield><datafield ind1=" " ind2=" " tag="830"><subfield code="a">Opuscules</subfield><subfield code="v">8-9</subfield><subfield code="w">(NEBIS)005471158EBI01</subfield></datafield><datafield ind1=" " ind2=" " tag="900"><subfield code="a">REROnoselfmerge</subfield></datafield></record>
</metadata></record>