<record><header><identifier>oai:alma.41SLSP_UGE:991000018519705502</identifier><datestamp>2023-03-06T01:11:49Z</datestamp><setSpec>uge_cmu_RapidILL_JOURNAL</setSpec><setSpec>uge_aobs_RapidILL_JOURNAL</setSpec><setSpec>uge_aaca_RapidILL_JOURNAL</setSpec><setSpec>uge_abbat_RapidILL_JOURNAL</setSpec><setSpec>uge_bcen_RapidILL_JOURNAL</setSpec><setSpec>uge_mail_RapidILL_JOURNAL</setSpec><setSpec>uge_dbu_RapidILL_JOURNAL</setSpec><setSpec>uge_abels_RapidILL_JOURNAL</setSpec><setSpec>UNIGE_ALL</setSpec><setSpec>uge_acar_RapidILL_JOURNAL</setSpec></header><metadata>
<record xmlns="http://www.loc.gov/MARC21/slim" xmlns:xsi="http://www.w3.org/2001/XMLSchema-instance" xsi:schemaLocation="http://www.loc.gov/MARC21/slim http://www.loc.gov/standards/marcxml/schema/MARC21slim.xsd"><leader>01715nas a2200445 c 4500</leader><controlfield tag="001">991000018519705502</controlfield><controlfield tag="005">20230305093121.0</controlfield><controlfield tag="008">201012c19729999xxu|| p|      0   ||eng|d</controlfield><datafield ind1="7" ind2=" " tag="016"><subfield code="a">185526-8</subfield><subfield code="2">ZDB</subfield></datafield><datafield ind1=" " ind2=" " tag="022"><subfield code="l">0091-3286</subfield></datafield><datafield ind1=" " ind2=" " tag="022"><subfield code="a">0091-3286</subfield></datafield><datafield ind1=" " ind2=" " tag="035"><subfield code="a">(swissbib)240504208-41slsp_network</subfield></datafield><datafield ind1=" " ind2=" " tag="035"><subfield code="a">240504208</subfield><subfield code="9">ExL</subfield></datafield><datafield ind1=" " ind2=" " tag="035"><subfield code="a">(NEBIS)000052046EBI01</subfield></datafield><datafield ind1=" " ind2=" " tag="035"><subfield code="a">(RERO)1485040-41slsp</subfield></datafield><datafield ind1=" " ind2=" " tag="035"><subfield code="a">(EXLNZ-41SLSP_NETWORK)991006004379705501</subfield></datafield><datafield ind1=" " ind2=" " tag="040"><subfield code="a">CH-ZuSLS ETH</subfield><subfield code="b">ger</subfield><subfield code="e">rda</subfield></datafield><datafield ind1=" " ind2="7" tag="072"><subfield code="a">py</subfield><subfield code="2">rero</subfield></datafield><datafield ind1=" " ind2="7" tag="072"><subfield code="a">in</subfield><subfield code="2">rero</subfield></datafield><datafield ind1="0" ind2=" " tag="210"><subfield code="a">Opt. eng.</subfield><subfield code="b">Bellingham, Print</subfield></datafield><datafield ind1="0" ind2="0" tag="245"><subfield code="a">Optical engineering</subfield><subfield code="b">reporting on research and development in optical science and engineering : the journal of SPIE - The International Society for Optical Engineering</subfield></datafield><datafield ind1="3" ind2="1" tag="264"><subfield code="a">Bellingham, WA</subfield><subfield code="b">SPIE</subfield></datafield><datafield ind1=" " ind2="1" tag="264"><subfield code="a">Redondo Beach, CA</subfield><subfield code="b">Society of Photo-optical Instrumentation Engineers</subfield><subfield code="c">1972-</subfield></datafield><datafield ind1=" " ind2=" " tag="300"><subfield code="a">Bände</subfield></datafield><datafield ind1=" " ind2=" " tag="310"><subfield code="a">Monatlich</subfield></datafield><datafield ind1=" " ind2=" " tag="336"><subfield code="b">txt</subfield><subfield code="2">rdacontent</subfield></datafield><datafield ind1=" " ind2=" " tag="337"><subfield code="b">n</subfield><subfield code="2">rdamedia</subfield></datafield><datafield ind1=" " ind2=" " tag="338"><subfield code="b">nc</subfield><subfield code="2">rdacarrier</subfield></datafield><datafield ind1="0" ind2=" " tag="362"><subfield code="a">Vol. 11 (1972)-</subfield></datafield><datafield ind1=" " ind2=" " tag="500"><subfield code="a">Ursprüngl. Hrsg.: Society of Photo-optical Instrumentation Engineers</subfield></datafield><datafield ind1="0" ind2="0" tag="505"><subfield code="g">Enthält</subfield><subfield code="t">SPIE glass section</subfield></datafield><datafield ind1="0" ind2="0" tag="505"><subfield code="g">1975-1979 enthalten</subfield><subfield code="t">SPIE reports</subfield></datafield><datafield ind1=" " ind2=" " tag="580"><subfield code="a">Fait suite à: SPIE journal</subfield></datafield><datafield ind1=" " ind2="7" tag="650"><subfield code="a">OPTISCHE INSTRUMENTE (FEINWERKTECHNIK)</subfield><subfield code="9">ger</subfield><subfield code="0">(ETHUDK)000034815</subfield><subfield code="2">ethudk</subfield></datafield><datafield ind1=" " ind2="7" tag="650"><subfield code="a">Optique</subfield><subfield code="0">(IDREF)027794237</subfield><subfield code="2">idref</subfield></datafield><datafield ind1=" " ind2="7" tag="655"><subfield code="a">Zeitschrift</subfield><subfield code="2">gnd-content</subfield></datafield><datafield ind1=" " ind2="7" tag="655"><subfield code="a">Périodiques</subfield><subfield code="0">(IDREF)02724640X</subfield><subfield code="2">idref</subfield></datafield><datafield ind1="2" ind2=" " tag="710"><subfield code="a">Society of Photo-optical Instrumentation Engineers</subfield><subfield code="0">(IDREF)031688179</subfield></datafield><datafield ind1="2" ind2=" " tag="710"><subfield code="a">SPIE</subfield><subfield code="0">(DE-588)10182148-7</subfield></datafield><datafield ind1="0" ind2="0" tag="780"><subfield code="t">SPIE journal</subfield></datafield><datafield ind1="0" ind2="0" tag="780"><subfield code="t">Journal / Society of Photo-optical Instrumentation Engineers</subfield><subfield code="w">(NEBIS)004475278EBI01</subfield></datafield></record>
</metadata></record>