<record><header><identifier>oai:alma.41SLSP_UGE:991000018019705502</identifier><datestamp>2024-07-27T00:47:06Z</datestamp><setSpec>uge_bcen_RapidILL_BOOK</setSpec><setSpec>uge_aaca_RapidILL_BOOK</setSpec><setSpec>uge_abels_RapidILL_BOOK</setSpec><setSpec>uge_dbu_RapidILL_BOOK</setSpec><setSpec>uge_cmu_RapidILL_BOOK</setSpec><setSpec>uge_mail_RapidILL_BOOK</setSpec><setSpec>uge_abbat_RapidILL_BOOK</setSpec><setSpec>UNIGE_ALL</setSpec><setSpec>uge_aobs_RapidILL_BOOK</setSpec><setSpec>uge_acar_RapidILL_BOOK</setSpec></header><metadata>
<record xmlns="http://www.loc.gov/MARC21/slim" xmlns:xsi="http://www.w3.org/2001/XMLSchema-instance" xsi:schemaLocation="http://www.loc.gov/MARC21/slim http://www.loc.gov/standards/marcxml/schema/MARC21slim.xsd"><leader>02556nam a2200541 ca4500</leader><controlfield tag="001">991000018019705502</controlfield><controlfield tag="005">20240118164912.0</controlfield><controlfield tag="008">201011s1986    it ||||| |||| 00| ||ita d</controlfield><datafield ind1=" " ind2=" " tag="019"><subfield code="a">CcMedea</subfield><subfield code="5">SBT/23.01.2004/mi</subfield></datafield><datafield ind1=" " ind2=" " tag="035"><subfield code="a">(swissbib)232470065-41slsp_network</subfield></datafield><datafield ind1=" " ind2=" " tag="035"><subfield code="a">232470065</subfield><subfield code="9">ExL</subfield></datafield><datafield ind1=" " ind2=" " tag="035"><subfield code="a">(RERO)0809478-41slsp</subfield></datafield><datafield ind1=" " ind2=" " tag="035"><subfield code="a">(NEBIS)003240660EBI01</subfield></datafield><datafield ind1=" " ind2=" " tag="035"><subfield code="a">(IDSBB)001142763DSV01</subfield></datafield><datafield ind1=" " ind2=" " tag="035"><subfield code="a">(SBT)000309629SBT01</subfield></datafield><datafield ind1=" " ind2=" " tag="035"><subfield code="a">(EXLNZ-41SLSP_NETWORK)991061166589705501</subfield></datafield><datafield ind1=" " ind2=" " tag="040"><subfield code="a">RERO frbcuc</subfield><subfield code="d">CH-ZuSLS</subfield></datafield><datafield ind1=" " ind2="7" tag="072"><subfield code="a">it</subfield><subfield code="2">SzZuIDS BS/BE</subfield></datafield><datafield ind1=" " ind2="7" tag="072"><subfield code="a">it</subfield><subfield code="2">rero</subfield></datafield><datafield ind1="0" ind2="4" tag="082"><subfield code="a">853/.7</subfield><subfield code="a">B</subfield><subfield code="2">19</subfield></datafield><datafield ind1="0" ind2="4" tag="082"><subfield code="a">858</subfield></datafield><datafield ind1="1" ind2="4" tag="082"><subfield code="a">856.7</subfield><subfield code="2">22</subfield></datafield><datafield ind1="1" ind2="4" tag="082"><subfield code="a">853.7</subfield></datafield><datafield ind1="1" ind2=" " tag="100"><subfield code="a">Manzoni, Alessandro</subfield><subfield code="d">1785-1873</subfield><subfield code="6">880-01</subfield><subfield code="0">(DE-588)118577409</subfield></datafield><datafield ind1="1" ind2=" " tag="880"><subfield code="6">100-01</subfield><subfield code="a">Manzoni, Alessandro</subfield><subfield code="d">1785-1873</subfield><subfield code="0">(IDREF)027006956</subfield><subfield code="4">cre</subfield></datafield><datafield ind1="1" ind2="0" tag="245"><subfield code="a">Tutte le lettere</subfield><subfield code="c">Alessandro Manzoni ; a cura di Cesare Arieti ; con un'aggiunta di lettere inedite o disperse a cura di Dante Isella</subfield></datafield><datafield ind1=" " ind2="1" tag="264"><subfield code="a">Milano</subfield><subfield code="b">Adelphi Edizioni</subfield><subfield code="c">1986</subfield></datafield><datafield ind1=" " ind2=" " tag="300"><subfield code="a">3 vol.</subfield><subfield code="b">ritr.</subfield><subfield code="c">21 cm</subfield></datafield><datafield ind1=" " ind2=" " tag="336"><subfield code="b">txt</subfield><subfield code="2">rdacontent</subfield></datafield><datafield ind1=" " ind2=" " tag="337"><subfield code="b">n</subfield><subfield code="2">rdamedia</subfield></datafield><datafield ind1=" " ind2=" " tag="338"><subfield code="b">nc</subfield><subfield code="2">rdacarrier</subfield></datafield><datafield ind1="0" ind2=" " tag="490"><subfield code="a">Classici</subfield><subfield code="v">50</subfield></datafield><datafield ind1=" " ind2=" " tag="500"><subfield code="a">Tome I: lettere dal 1803 al 1832. Tome II: lettere dal 1833 al 1853. Tome III: lettere dal 1854 al 1873</subfield></datafield><datafield ind1=" " ind2=" " tag="500"><subfield code="a">In Schuber</subfield></datafield><datafield ind1=" " ind2=" " tag="520"><subfield code="a">Dell'esperienza esemplare del Manzoni, come intellettuale tra i maggiori del Romanticismo europeo e coscienza tra le più modernamente ansiose di difficili certezze, la raccolta di tutte le sue Lettere è documento fondamentale: unica per la ricchezza delle idee dibattute, per la varietà dei toni, e perché consente di seguire quasi giorno per giorno, dall'inquieta giovinezza parigina all'angustiata, lucida vecchiaia, i percorsi di un'intelligenza altissima e di un'interiorità labirintica, piena di zone oscure.</subfield><subfield code="5">SBT/28.02.2013/BUL/RCG</subfield></datafield><datafield ind1="1" ind2="7" tag="600"><subfield code="a">Manzoni, Alessandro</subfield><subfield code="d">1785-1873</subfield><subfield code="0">(DE-588)118577409</subfield><subfield code="2">gnd</subfield></datafield><datafield ind1="1" ind2="0" tag="600"><subfield code="a">Manzoni, Alessandro</subfield><subfield code="d">1785-1873</subfield><subfield code="t">Correspondence</subfield></datafield><datafield ind1=" " ind2="0" tag="650"><subfield code="a">Authors, Italian</subfield><subfield code="y">19th century</subfield><subfield code="v">Correspondence</subfield></datafield><datafield ind1=" " ind2="7" tag="655"><subfield code="a">Briefsammlung</subfield><subfield code="2">gnd-content</subfield></datafield><datafield ind1=" " ind2=" " tag="690"><subfield code="a">Manzoni, Alessandro / Briefe</subfield><subfield code="2">uzb-Z9</subfield></datafield><datafield ind1=" " ind2=" " tag="691"><subfield code="e">856.7</subfield><subfield code="a">Epistolografia italiana, 1814-1859</subfield><subfield code="2">usi-TE</subfield></datafield><datafield ind1="1" ind2=" " tag="700"><subfield code="a">Arieti, Cesare</subfield><subfield code="0">(IDREF)029006023</subfield></datafield><datafield ind1="1" ind2=" " tag="700"><subfield code="6">880-03</subfield><subfield code="a">Isella, Dante</subfield><subfield code="d">1922-2007</subfield><subfield code="0">(DE-588)119336324</subfield></datafield><datafield ind1="1" ind2=" " tag="880"><subfield code="6">700-03</subfield><subfield code="a">Isella, Dante</subfield><subfield code="d">1922-2007</subfield><subfield code="0">(IDREF)28402049</subfield></datafield><datafield ind1=" " ind2=" " tag="830"><subfield code="a">Classici</subfield><subfield code="v">50</subfield><subfield code="w">(IDSBB)000483803DSV01</subfield></datafield><datafield ind1=" " ind2=" " tag="830"><subfield code="a">Classici</subfield><subfield code="v">50</subfield><subfield code="w">(SBT)000002118SBT01</subfield></datafield><datafield ind1=" " ind2=" " tag="900"><subfield code="a">REROnoselfmerge</subfield></datafield><datafield ind1=" " ind2=" " tag="900"><subfield code="a">IDSZRMedeaZBZ</subfield><subfield code="c">IDSZRcath</subfield></datafield><datafield ind1=" " ind2=" " tag="900"><subfield code="a">IDST9ccmedea</subfield></datafield><datafield ind1=" " ind2=" " tag="993"><subfield code="a">BFLA 70698+1</subfield><subfield code="x">ge/ulit/a/94/19</subfield><subfield code="9">LOCAL</subfield></datafield><datafield ind1=" " ind2=" " tag="993"><subfield code="a">BFLA 70698</subfield><subfield code="x">ge/ulit/a/flt 80528</subfield><subfield code="9">LOCAL</subfield></datafield></record>
</metadata></record>