<record><header><identifier>oai:alma.41SLSP_UGE:991000017499705502</identifier><datestamp>2023-04-06T00:11:32Z</datestamp><setSpec>uge_bcen_RapidILL_BOOK</setSpec><setSpec>uge_aaca_RapidILL_BOOK</setSpec><setSpec>uge_abels_RapidILL_BOOK</setSpec><setSpec>uge_dbu_RapidILL_BOOK</setSpec><setSpec>uge_cmu_RapidILL_BOOK</setSpec><setSpec>uge_mail_RapidILL_BOOK</setSpec><setSpec>uge_abbat_RapidILL_BOOK</setSpec><setSpec>UNIGE_ALL</setSpec><setSpec>uge_aobs_RapidILL_BOOK</setSpec><setSpec>uge_acar_RapidILL_BOOK</setSpec></header><metadata>
<record xmlns="http://www.loc.gov/MARC21/slim" xmlns:xsi="http://www.w3.org/2001/XMLSchema-instance" xsi:schemaLocation="http://www.loc.gov/MARC21/slim http://www.loc.gov/standards/marcxml/schema/MARC21slim.xsd"><leader>02700nam a2200361 c 4500</leader><controlfield tag="001">991000017499705502</controlfield><controlfield tag="005">20230405195428.0</controlfield><controlfield tag="008">140206s2013    xx ||||| |||| 10| ||eng d</controlfield><datafield ind1=" " ind2=" " tag="020"><subfield code="a">9789041149176</subfield></datafield><datafield ind1=" " ind2=" " tag="035"><subfield code="a">(swissbib)119073978-41slsp_network</subfield></datafield><datafield ind1=" " ind2=" " tag="035"><subfield code="a">119073978</subfield><subfield code="9">ExL</subfield></datafield><datafield ind1=" " ind2=" " tag="035"><subfield code="a">(RERO)R007631010-41slsp</subfield></datafield><datafield ind1=" " ind2=" " tag="035"><subfield code="a">(EXLNZ-41SLSP_NETWORK)991161355889705501</subfield></datafield><datafield ind1=" " ind2=" " tag="040"><subfield code="a">Pica</subfield><subfield code="d">CH-ZuSLS</subfield></datafield><datafield ind1=" " ind2="7" tag="072"><subfield code="a">dr</subfield><subfield code="2">rero</subfield></datafield><datafield ind1=" " ind2=" " tag="084"><subfield code="a">A 57 e</subfield><subfield code="2">cjurrom</subfield></datafield><datafield ind1=" " ind2=" " tag="084"><subfield code="a">A 12 e</subfield><subfield code="2">cjurrom</subfield></datafield><datafield ind1="0" ind2="0" tag="245"><subfield code="a">Non-public actors in social security administration</subfield><subfield code="b">a comparative study</subfield><subfield code="c">ed. by Frans Pennings ... [et al.]</subfield></datafield><datafield ind1=" " ind2="1" tag="264"><subfield code="a">Alphen aan den Rijn</subfield><subfield code="b">Kluwer Law International</subfield><subfield code="c">2013</subfield></datafield><datafield ind1=" " ind2=" " tag="300"><subfield code="a">XXVIII, 300 S.</subfield></datafield><datafield ind1=" " ind2=" " tag="336"><subfield code="b">txt</subfield><subfield code="2">rdacontent</subfield></datafield><datafield ind1=" " ind2=" " tag="337"><subfield code="b">n</subfield><subfield code="2">rdamedia</subfield></datafield><datafield ind1=" " ind2=" " tag="338"><subfield code="b">nc</subfield><subfield code="2">rdacarrier</subfield></datafield><datafield ind1="1" ind2=" " tag="490"><subfield code="a">Studies in employment and social policy</subfield><subfield code="v">vol. 43</subfield></datafield><datafield ind1=" " ind2=" " tag="500"><subfield code="a">Contributions d'un séminaire qui a eu lieu à Gothenburg en mai 2012</subfield></datafield><datafield ind1="8" ind2=" " tag="520"><subfield code="a">Cet ouvrage contient les points de vues sur la sécurité de dix pays différents : Why is the role of non-public actors in the administration of social security an interesting research topic? / Thomas Erhag, Frans Pennings &amp; Sara Stendahl -- The role of non-public actors in social security in Germany / Felix Welti &amp; Henning Groskreutz -- The role of non-public actors in French social security : the new features of solidarity / CPhilippe Martin -- The strong position of social partners and the gradual polarization of the Finnish social security system / Toomas Kotkas -- The role of non-public actors in social security in the Netherlands / Frans Pennings -- Public responsibility and private action in social security : the case of Denmark / Stine Jørgensen &amp; Catherine Jacqueson -- Balancing responsibilities between public and non-public actors in Swedish social security / Thomas Erhag &amp; Sara Stendahl -- Welfare's mixed economy in the UK : public rights and private actors / Neville Harris -- Non-public actors and their role in the Czech Republic / Kristina Koldinská -- Non-public actors in the Spanish social security system / Cristina Sánchez-Rodas Navarro -- Explaining the lack of non-public actors in the USA social insurance system / Paul M. Secunda -- Comparison of the roles of non-public actors and conclusions / Frans Pennings</subfield></datafield><datafield ind1=" " ind2="7" tag="650"><subfield code="a">Droit comparé</subfield><subfield code="0">(IDREF)027741451</subfield><subfield code="2">idref</subfield></datafield><datafield ind1=" " ind2="7" tag="650"><subfield code="a">Partenaires sociaux</subfield><subfield code="0">(IDREF)032326521</subfield><subfield code="2">idref</subfield></datafield><datafield ind1=" " ind2="7" tag="650"><subfield code="a">Sécurité sociale</subfield><subfield code="0">(IDREF)027263177</subfield><subfield code="2">idref</subfield></datafield><datafield ind1=" " ind2="7" tag="655"><subfield code="a">Actes de congrès</subfield><subfield code="0">(IDREF)02886431X</subfield><subfield code="2">idref</subfield></datafield><datafield ind1="1" ind2=" " tag="700"><subfield code="a">Pennings, Frans</subfield><subfield code="0">(IDREF)060501324</subfield></datafield><datafield ind1=" " ind2=" " tag="830"><subfield code="a">Studies in employment and social policy</subfield><subfield code="v">43</subfield><subfield code="w">(RERO)R003146550-41slsp</subfield></datafield><datafield ind1=" " ind2=" " tag="900"><subfield code="a">REROnoselfmerge</subfield></datafield><datafield ind1=" " ind2=" " tag="910"><subfield code="a">HEBIS</subfield><subfield code="b">20140206</subfield><subfield code="c">Droits réservés</subfield></datafield></record>
</metadata></record>