<record><header><identifier>oai:alma.41SLSP_UGE:991000018329705502</identifier><datestamp>2023-05-03T00:58:46Z</datestamp><setSpec>uge_bcen_RapidILL_BOOK</setSpec><setSpec>uge_aaca_RapidILL_BOOK</setSpec><setSpec>uge_abels_RapidILL_BOOK</setSpec><setSpec>uge_dbu_RapidILL_BOOK</setSpec><setSpec>uge_cmu_RapidILL_BOOK</setSpec><setSpec>uge_mail_RapidILL_BOOK</setSpec><setSpec>uge_abbat_RapidILL_BOOK</setSpec><setSpec>UNIGE_ALL</setSpec><setSpec>uge_aobs_RapidILL_BOOK</setSpec><setSpec>uge_acar_RapidILL_BOOK</setSpec></header><metadata>
<record xmlns="http://www.loc.gov/MARC21/slim" xmlns:xsi="http://www.w3.org/2001/XMLSchema-instance" xsi:schemaLocation="http://www.loc.gov/MARC21/slim http://www.loc.gov/standards/marcxml/schema/MARC21slim.xsd"><leader>01398nam a2200313 c 4500</leader><controlfield tag="001">991000018329705502</controlfield><controlfield tag="005">20230502185906.0</controlfield><controlfield tag="008">960125r19691887it ||||| |||| 00| ||ita d</controlfield><datafield ind1=" " ind2=" " tag="035"><subfield code="a">(swissbib)090820665-41slsp_network</subfield></datafield><datafield ind1=" " ind2=" " tag="035"><subfield code="a">090820665</subfield><subfield code="9">ExL</subfield></datafield><datafield ind1=" " ind2=" " tag="035"><subfield code="a">(RERO)2141129-41slsp</subfield></datafield><datafield ind1=" " ind2=" " tag="035"><subfield code="a">(EXLNZ-41SLSP_NETWORK)991120060879705501</subfield></datafield><datafield ind1=" " ind2=" " tag="040"><subfield code="a">RERO frbcuc</subfield><subfield code="d">CH-ZuSLS</subfield></datafield><datafield ind1=" " ind2="7" tag="072"><subfield code="a">it</subfield><subfield code="2">rero</subfield></datafield><datafield ind1="0" ind2="0" tag="245"><subfield code="a">Lamenti storici dei secoli XIV, XV e XVI</subfield><subfield code="c">raccolti e ordinati a cura di Antonio Medin e Ludovico Frati</subfield></datafield><datafield ind1=" " ind2="1" tag="264"><subfield code="a">Bologna</subfield><subfield code="b">Commissione per i testi di lingua</subfield><subfield code="c">1969</subfield></datafield><datafield ind1=" " ind2=" " tag="300"><subfield code="a">3 vol.</subfield><subfield code="c">18 cm</subfield></datafield><datafield ind1=" " ind2=" " tag="336"><subfield code="b">txt</subfield><subfield code="2">rdacontent</subfield></datafield><datafield ind1=" " ind2=" " tag="337"><subfield code="b">n</subfield><subfield code="2">rdamedia</subfield></datafield><datafield ind1=" " ind2=" " tag="338"><subfield code="b">nc</subfield><subfield code="2">rdacarrier</subfield></datafield><datafield ind1="1" ind2=" " tag="490"><subfield code="a">Collezione di opere inedite o rare. Scelta di curiosità letterarie inedite o rare dal secolo XIII al XIX</subfield><subfield code="v">dispense 219</subfield><subfield code="v">226</subfield><subfield code="v">236</subfield></datafield><datafield ind1=" " ind2=" " tag="534"><subfield code="p">Reprod. de l'éd. de:</subfield><subfield code="c">Bologna : G. Romagnoli, 1887-1890</subfield></datafield><datafield ind1=" " ind2="7" tag="650"><subfield code="a">complainte (genre littéraire)</subfield><subfield code="0">(RERO)A010067237</subfield><subfield code="2">rerovoc</subfield></datafield><datafield ind1=" " ind2="7" tag="650"><subfield code="a">Poésie politique italienne</subfield><subfield code="0">(IDREF)028369505</subfield><subfield code="2">idref</subfield></datafield><datafield ind1=" " ind2="7" tag="650"><subfield code="a">14e siècle-16e siècle</subfield><subfield code="2">idref</subfield></datafield><datafield ind1=" " ind2="7" tag="655"><subfield code="a">Anthologies</subfield><subfield code="0">(IDREF)027269493</subfield><subfield code="2">idref</subfield></datafield><datafield ind1="1" ind2=" " tag="700"><subfield code="a">Medin, Antonio</subfield><subfield code="d">1857-1930</subfield><subfield code="0">(IDREF)075715538</subfield></datafield><datafield ind1="1" ind2=" " tag="700"><subfield code="a">Frati, Lodovico</subfield><subfield code="d">1855-1941</subfield><subfield code="0">(IDREF)075756048</subfield></datafield><datafield ind1=" " ind2=" " tag="830"><subfield code="a">Collezione di Opere Inedite o Rare</subfield><subfield code="p">Scelta di curiosità letterarie inedite o rare dal secolo XIII al XIX</subfield><subfield code="v">219,226,236</subfield><subfield code="w">(RERO)0467057-41slsp</subfield></datafield><datafield ind1=" " ind2=" " tag="900"><subfield code="a">REROnoselfmerge</subfield></datafield><datafield ind1=" " ind2=" " tag="993"><subfield code="a">BFLA 138808/236</subfield><subfield code="x">ge/ulit/a/00/191</subfield><subfield code="9">LOCAL</subfield></datafield><datafield ind1=" " ind2=" " tag="993"><subfield code="a">BFLA 138808/226</subfield><subfield code="x">ge/ulit/a/00/191</subfield><subfield code="9">LOCAL</subfield></datafield><datafield ind1=" " ind2=" " tag="993"><subfield code="a">BFLA 138808/219</subfield><subfield code="x">ge/ulit/a/00/191</subfield><subfield code="9">LOCAL</subfield></datafield></record>
</metadata></record>