<record><header><identifier>oai:alma.41SLSP_UGE:991000017599705502</identifier><datestamp>2024-02-23T01:20:02Z</datestamp><setSpec>uge_bcen_RapidILL_BOOK</setSpec><setSpec>uge_aaca_RapidILL_BOOK</setSpec><setSpec>uge_abels_RapidILL_BOOK</setSpec><setSpec>uge_dbu_RapidILL_BOOK</setSpec><setSpec>uge_cmu_RapidILL_BOOK</setSpec><setSpec>uge_mail_RapidILL_BOOK</setSpec><setSpec>uge_abbat_RapidILL_BOOK</setSpec><setSpec>UNIGE_ALL</setSpec><setSpec>uge_acar_RapidILL_BOOK</setSpec><setSpec>uge_aobs_RapidILL_BOOK</setSpec></header><metadata>
<record xmlns="http://www.loc.gov/MARC21/slim" xmlns:xsi="http://www.w3.org/2001/XMLSchema-instance" xsi:schemaLocation="http://www.loc.gov/MARC21/slim http://www.loc.gov/standards/marcxml/schema/MARC21slim.xsd"><leader>02313nam a22005412c 4500</leader><controlfield tag="001">991000017599705502</controlfield><controlfield tag="005">20240222155652.0</controlfield><controlfield tag="008">201011s2017    fr ||||| |||| 00| ||fre d</controlfield><datafield ind1=" " ind2=" " tag="020"><subfield code="a">9791034603831</subfield><subfield code="q">pbk.</subfield></datafield><datafield ind1="7" ind2=" " tag="024"><subfield code="a">http://catalogue.bnf.fr/ark:/12148/cb454230825</subfield><subfield code="2">uri</subfield></datafield><datafield ind1=" " ind2=" " tag="035"><subfield code="a">(swissbib)223798886-41slsp_network</subfield></datafield><datafield ind1=" " ind2=" " tag="035"><subfield code="a">223798886</subfield><subfield code="9">ExL</subfield></datafield><datafield ind1=" " ind2=" " tag="035"><subfield code="a">(RERO)R008748583-41slsp</subfield></datafield><datafield ind1=" " ind2=" " tag="035"><subfield code="a">(NEBIS)011115483EBI01</subfield></datafield><datafield ind1=" " ind2=" " tag="035"><subfield code="a">(OCoLC)1015863160</subfield></datafield><datafield ind1=" " ind2=" " tag="035"><subfield code="a">(EXLNZ-41SLSP_NETWORK)991077135889705501</subfield></datafield><datafield ind1=" " ind2=" " tag="040"><subfield code="a">AUXAM</subfield><subfield code="b">eng</subfield><subfield code="e">rda</subfield><subfield code="d">CH-ZuSLS</subfield></datafield><datafield ind1=" " ind2="4" tag="050"><subfield code="a">HV</subfield></datafield><datafield ind1=" " ind2="7" tag="072"><subfield code="a">ss</subfield><subfield code="2">rero</subfield></datafield><datafield ind1="0" ind2="4" tag="082"><subfield code="a">360</subfield></datafield><datafield ind1="1" ind2="4" tag="082"><subfield code="a">360</subfield><subfield code="2">15</subfield></datafield><datafield ind1="0" ind2="0" tag="245"><subfield code="a">&lt;&lt;Les&gt;&gt; nouvelles dynamiques du développement social</subfield><subfield code="c">(sous la dir. de) Cyprien Avenel &amp; Denis Bourque</subfield></datafield><datafield ind1=" " ind2="1" tag="264"><subfield code="a">Nîmes</subfield><subfield code="b">Champ Social</subfield><subfield code="c">2017</subfield></datafield><datafield ind1=" " ind2=" " tag="300"><subfield code="a">279 pages</subfield><subfield code="b">1 illustration</subfield></datafield><datafield ind1=" " ind2=" " tag="336"><subfield code="b">txt</subfield><subfield code="2">rdacontent</subfield></datafield><datafield ind1=" " ind2=" " tag="337"><subfield code="b">n</subfield><subfield code="2">rdamedia</subfield></datafield><datafield ind1=" " ind2=" " tag="338"><subfield code="b">nc</subfield><subfield code="2">rdacarrier</subfield></datafield><datafield ind1="0" ind2=" " tag="490"><subfield code="a">Questions de société</subfield><subfield code="x">2257-6150</subfield></datafield><datafield ind1=" " ind2=" " tag="504"><subfield code="a">Includes bibliographical references</subfield></datafield><datafield ind1=" " ind2="7" tag="650"><subfield code="a">Action sociale</subfield><subfield code="0">(IDREF)027223574</subfield><subfield code="2">idref</subfield></datafield><datafield ind1=" " ind2="7" tag="650"><subfield code="a">Politique sociale</subfield><subfield code="0">(IDREF)027274292</subfield><subfield code="2">idref</subfield></datafield><datafield ind1=" " ind2="7" tag="650"><subfield code="a">Sozialpolitik</subfield><subfield code="0">(DE-588)4055879-4</subfield><subfield code="2">gnd</subfield></datafield><datafield ind1=" " ind2="7" tag="650"><subfield code="a">Sozialwesen</subfield><subfield code="0">(DE-588)4139318-1</subfield><subfield code="2">gnd</subfield></datafield><datafield ind1=" " ind2="7" tag="651"><subfield code="a">France</subfield><subfield code="0">(IDREF)027226794</subfield><subfield code="2">idref</subfield></datafield><datafield ind1=" " ind2="7" tag="651"><subfield code="a">Québec (Canada ; province)</subfield><subfield code="0">(IDREF)027331180</subfield><subfield code="2">idref</subfield></datafield><datafield ind1=" " ind2="7" tag="651"><subfield code="a">Frankreich</subfield><subfield code="0">(DE-588)4018145-5</subfield><subfield code="2">gnd</subfield></datafield><datafield ind1=" " ind2="7" tag="651"><subfield code="a">Québec</subfield><subfield code="0">(DE-588)4103473-9</subfield><subfield code="2">gnd</subfield></datafield><datafield ind1="1" ind2=" " tag="700"><subfield code="6">880-02</subfield><subfield code="a">Avenel, Cyprien</subfield><subfield code="0">(DE-588)1139457756</subfield><subfield code="e">Herausgeber</subfield><subfield code="4">edt</subfield></datafield><datafield ind1="1" ind2=" " tag="880"><subfield code="6">700-02</subfield><subfield code="a">Avenel, Cyprien</subfield><subfield code="0">(IDREF)086062557</subfield></datafield><datafield ind1="1" ind2=" " tag="700"><subfield code="6">880-03</subfield><subfield code="a">Bourque, Denis</subfield><subfield code="e">Herausgeber</subfield><subfield code="4">edt</subfield></datafield><datafield ind1="1" ind2=" " tag="880"><subfield code="6">700-03</subfield><subfield code="a">Bourque, Denis</subfield><subfield code="0">(RERO)A003032643</subfield></datafield><datafield ind1="4" ind2="1" tag="856"><subfield code="3">Texte intégral</subfield><subfield code="u">http://champsocial.com/book-les_nouvelles_dynamiques_du_developpement_social,1018.html</subfield><subfield code="z">Accès réservé aux abonnés</subfield></datafield><datafield ind1="4" ind2=" " tag="856"><subfield code="3">Titelblatt und Inhaltsverzeichnis</subfield><subfield code="u">https://toc.library.ethz.ch/objects/pdf03/z01_979-10-346-0383-1_01.pdf</subfield><subfield code="q">pdf</subfield></datafield><datafield ind1=" " ind2=" " tag="900"><subfield code="a">REROnoselfmerge</subfield></datafield><datafield ind1=" " ind2=" " tag="900"><subfield code="a">IDSE5E19ANH-2019</subfield></datafield><datafield ind1=" " ind2=" " tag="900"><subfield code="a">IDSZ2zbzmon201802f</subfield><subfield code="c">IDSZ2beer</subfield><subfield code="d">IDSZ2zbzswk201806b</subfield><subfield code="e">IDSZ2baie</subfield></datafield><datafield ind1=" " ind2=" " tag="910"><subfield code="a">OCoLC</subfield><subfield code="b">20180105</subfield><subfield code="c">Droits réservés</subfield></datafield><datafield ind1=" " ind2=" " tag="949"><subfield code="a">https://toc.library.ethz.ch/objects/pdf03/z01_979-10-346-0383-1_01.pdf</subfield></datafield><datafield ind1=" " ind2=" " tag="949"><subfield code="a">http://champsocial.com/book-les_nouvelles_dynamiques_du_developpement_social,1018.html</subfield></datafield></record>
</metadata></record>